3192 5067
332 288 401 355 144
660 267 755 339 Fire
778 276 821 339 at
856 266 1090 340 Waterbeach
1312 264 1430 366 [Boon

325 448 479 530 Johanne
501 451 531 513 le
552 451 657 530 cure,
679 450 831 516 Gall'rido
851 451 894 516 de
909 451 999 527 Tost,
1019 451 1173 533 Johanne
1193 451 1236 515 de
1255 452 1430 529 Colcestre‚

328 554 475 618 Henrico
498 558 668 639 preposito
694 556 737 622 de
763 556 968 632 Cestertone‚
993 556 1167 621 Clemente
1190 556 1431 633 elemosinario,

164 658 246 759 {ab
256 708 287 750 de
325 666 359 721 et
374 658 455 721 aliis.
503 660 597 723 Idem
614 680 693 723 uero
710 660 835 723 Rector
850 660 979 724 iacebat
995 662 1028 723 in
1044 660 1131 725 lecto
1152 660 1308 725 infirmus.
1355 662 1429 725 Pre-

163 758 188 849 ξ,
222 770 271 849 ,μ’
325 760 433 824 dictus
446 782 524 825 uero
536 760 872 845 dominusJohannes
884 764 1065 827 monachus
1077 773 1111 826 et
1123 762 1271 828 Thomas
1284 764 1429 828 seruiens

325 865 395 927 eius
411 875 620 930 accesserunt
634 868 677 929 ad
697 887 773 930 eum
795 878 829 930 et
849 877 1078 949 exposuerunt
1100 869 1128 932 ei
1151 867 1428 951 protestacionem

324 978 359 1033 et
381 971 678 1035 denunciacionem
702 972 824 1035 laetam
849 991 908 1054 per
930 972 1136 1054 subpriorem
1161 973 1204 1036 de
1230 973 1429 1037 Bernewelle

325 1074 368 1137 de
387 1076 546 1157 expensis
567 1076 662 1139 lactis
683 1078 715 1139 in
738 1077 805 1153 lite,
820 1086 854 1141 et
874 1076 917 1141 de
938 1078 1108 1141 sentencia
1128 1088 1243 1142 contra
1263 1098 1340 1142 eum
1362 1077 1430 1142 lata

325 1177 357 1241 in
382 1180 472 1242 curia
495 1200 640 1243 romana.
688 1179 737 1244 At
759 1179 815 1243 ille
838 1189 946 1244 tactus
969 1180 1085 1243 dolore
1105 1182 1213 1245 cordis
1233 1181 1428 1245 intrinsecus

324 1282 460 1347 diuertit
480 1305 516 1347 se
536 1285 578 1347 ad
601 1286 771 1367 parietem,
787 1295 821 1348 et
842 1305 908 1349 non
931 1286 1038 1349 multo
1059 1294 1136 1367 post
1155 1286 1329 1369 expirauit.
1376 1286 1429 1349 De

324 1388 482 1468 expensis
512 1387 611 1452 nichil
643 1389 805 1453 hactenus
840 1390 1114 1472 recuperauimus,
1145 1410 1205 1454 nec
1242 1390 1348 1454 eciam
1386 1390 1429 1455 ad

324 1490 470 1554 valorem
498 1492 594 1555 vnius
619 1492 719 1569 oboli,
743 1492 801 1555 sed
829 1502 961 1556 tantum
990 1494 1231 1575 possessionem
1255 1492 1427 1576 pacificam

324 1593 528 1658 decimarum
552 1595 594 1659 de
616 1596 737 1679 quibus
758 1606 830 1659 erat
852 1597 1034 1661 contencio.

581 1931 633 2009 64
676 1930 728 1994 De
751 1930 892 1994 incendio
913 1930 953 1993 dc
977 1928 1180 1994 Waterbeclze.

162 2182 288 2224 noum
391 2154 469 2217 Duo
491 2153 649 2235 carucarij
674 2154 793 2217 Prioris
816 2156 847 2217 in
871 2153 951 2218 villa
973 2153 1015 2219 de
1038 2152 1259 2218 Waterbeche
1282 2154 1426 2237 quadam

159 2233 423 2324 lllllbhilnocte
452 2257 603 2320 inebriati
634 2268 851 2339 portauerunt
882 2257 994 2339 ignem
1021 2260 1054 2322 in
1081 2258 1261 2335 boucriam,
1287 2270 1322 2323 et
1347 2260 1427 2342 ipsis

160 2332 565 2476 &gaiudmmientibus
590 2362 700 2425 subito
726 2363 830 2425 creuit
857 2360 993 2427 flamma
1019 2372 1052 2427 et
1079 2363 1262 2428 combussit
1287 2365 1425 2428 domum

159 2483 248 2576 mu,
324 2485 357 2528 1n
395 2486 461 2547 qua
491 2466 652 2540 iacebant,
685 2475 720 2529 et
749 2486 866 2528 omnes
897 2468 1016 2530 domos
1046 2488 1111 2549 que
1141 2476 1235 2530 erant
1266 2468 1298 2531 in
1329 2469 1427 2544 curia,

158 2584 297 2677 mffise
323 2580 467 2653 excepto
493 2570 611 2633 horreo
636 2580 777 2633 tantum.
824 2570 911 2652 Equi
939 2571 1043 2634 eciam
1072 2581 1106 2634 et
1132 2571 1235 2634 boues
1261 2581 1295 2635 et
1318 2582 1427 2637 cetera

158 2688 309 2777 munuc!
322 2674 480 2737 animalia
502 2674 677 2737 combusta
700 2684 777 2737 sunt
801 2682 834 2737 et
858 2684 997 2749 mortua,
1018 2684 1051 2737 et
1072 2674 1104 2736 in
1127 2684 1257 2740 tantum
1278 2674 1427 2740 fetebant

322 2777 412 2858 quod
429 2775 628 2839 senescallus
644 2776 720 2839 fecit
736 2796 775 2837 ea
790 2774 987 2839 festinanter
1001 2777 1140 2859 sepeliri.
1187 2776 1328 2841 Predicti
1348 2798 1427 2842 uero

321 2880 479 2962 carucarij
504 2900 563 2962 per
584 2880 763 2943 clamorem
786 2880 981 2943 animalium
1005 2879 1137 2944 luerunt
1160 2902 1179 2945 a
1202 2902 1344 2965 sompno
1367 2904 1426 2946 ex·

321 2984 511 3068 pergelacti
525 2986 614 3048 vnde
629 3004 713 3047 vnus
733 3003 849 3049 eorum
870 2986 1023 3048 transiuit
1044 3006 1103 3068 per
1124 2986 1270 3049 medium
1292 2986 1426 3051 flamme

322 3090 450 3165 nudus;
481 3100 514 3152 et
539 3088 625 3151 male
647 3100 876 3153 concrematus
900 3090 993 3171 quasi
1015 3109 1131 3153 amens
1152 3089 1238 3171 sugit
1257 3111 1361 3174 usque
1383 3092 1424 3155 ad

320 3195 434 3259 villam
457 3194 500 3258 de
524 3194 701 3277 Impitone,
724 3206 757 3259 et
782 3195 949 3259 residuum
972 3196 1079 3259 tocius
1104 3197 1172 3259 uite
1198 3217 1256 3259 sue
1279 3198 1365 3260 vixit
1392 3198 1424 3260 in

321 3302 487 3383 languore.
534 3299 631 3363 Alter
646 3320 726 3363 uero
741 3300 936 3375 carucarius‚
951 3301 1080 3363 exitum
1102 3301 1247 3365 inuenire
1268 3302 1427 3377 nesciens,

320 3416 550 3469 concrematus
566 3415 615 3467 est
631 3424 736 3486 usque
752 3405 793 3467 ad
808 3416 959 3481 mortem,
972 3403 1059 3468 vnde
1070 3426 1190 3489 corpus
1205 3406 1276 3468 eius
1292 3407 1426 3470 misera·

320 3509 387 3573 bile
407 3510 580 3571 inuentum
601 3507 705 3570 estin
727 3508 872 3572 crastino
894 3508 937 3571 ad
960 3511 1097 3572 modum
1119 3510 1210 3593 porci
1233 3509 1378 3586 ustulati,
1393 3519 1426 3573 et

320 3611 419 3677 ualde
434 3612 589 3675 horribile
605 3613 647 3676 ad
665 3612 917 3695 inspiciendum.
959 3612 1050 3676 Prior
1065 3634 1144 3676 uero
1160 3624 1195 3677 et
1209 3613 1359 3677 canonici
1376 3613 1426 3676 sui

320 3717 438 3781 eodem
454 3726 605 3799 tempore
625 3717 767 3780 multum
789 3726 884 3779 erant
905 3718 1034 3800 grauati
1058 3728 1193 3800 propter
1213 3718 1424 3781 amissionem

320 3821 564 3903 temporalium,
580 3823 637 3885 sed
655 3820 763 3883 multo
779 3823 887 3903 magis
902 3822 1083 3903 angustiati
1104 3823 1136 3887 in
1159 3831 1270 3885 mente
1291 3832 1427 3905 propter

219 3938 238 3988 s.
252 3940 307 4003 53b
320 3924 534 3989 infortunium
559 3926 741 3988 hominum.
786 3924 1052 4007 Verumptamen
1076 3934 1252 3988 coronator
1268 3924 1314 3989 ita
1329 3935 1425 3988 caute

320 4028 396 4093 lecit
407 4029 550 4092 officium
562 4049 659 4091 suum
671 4027 761 4111 quod
776 4028 868 4090 Prior
879 4028 991 4110 quoad
1004 4028 1128 4091 curiam
1142 4028 1228 4109 regis
1239 4027 1423 4111 dampnum

319 4154 385 4199 non
402 4132 518 4197 habuit
533 4152 595 4199 nec
611 4132 780 4196 iacturam.
