3192 5067
337 351 405 401 120
593 327 630 399 T
625 326 670 399 he
694 337 847 425 outrage
872 336 914 401 at
945 328 1188 427 Wiggenholl
1316 327 1437 427 [Boon

330 534 488 597 magnam
504 514 723 578 hereditatem
743 524 777 578 et
798 512 947 597 amplam
964 516 1073 579 eidem
1089 515 1262 599 capellano
1278 514 1436 590 accidere,

330 619 444 681 statim
465 618 555 700 cepit
576 638 648 681 esse
668 617 829 681 sollicitus
849 619 993 702 qualiter
1013 620 1123 703 potuit
1144 639 1219 685 earn
1240 619 1273 683 in
1290 618 1436 702 proprie-

330 731 435 787 tatem
456 722 593 787 ecclesie
612 743 672 787 sue
686 734 888 788 conuertere.
936 724 1092 789 Promisit
1107 724 1208 807 igitur
1223 733 1257 788 et
1272 724 1435 787 concessit

329 828 373 891 de
394 847 556 890 consensu
580 835 764 890 conuentus
786 828 837 890 sui
861 826 969 891 eidem
997 828 1171 911 capellano
1198 828 1267 892 duo
1288 827 1437 891 corredia

329 933 573 1009 canoniconrm,
599 940 633 995 et
663 933 747 995 duas
777 952 906 996 marcas
937 952 996 1015 per
1025 952 1160 1009 annum,
1187 942 1221 997 et
1251 932 1436 1015 hospicium

330 1046 525 1119 competens
555 1037 598 1101 ad
628 1056 725 1099 suum
757 1047 965 1120 perpetuum.
1028 1038 1211 1102 Annuente
1242 1058 1320 1102 uero
1347 1037 1438 1102 dicto

331 1143 512 1226 capellano,
528 1143 617 1207 facta
632 1142 693 1207 fuit
710 1144 788 1206 inde
808 1152 900 1206 carta
921 1151 956 1206 et
972 1142 1081 1225 sigillo
1096 1154 1282 1207 conuentus
1296 1144 1438 1226 signata,

330 1257 365 1311 et
374 1256 520 1311 statutus
528 1255 581 1311 est
589 1246 669 1321 dies,
680 1267 748 1330 quo
761 1246 855 1311 Prior
865 1246 988 1311 ibidem
999 1248 1172 1312 accederet
1182 1248 1225 1314 ad
1236 1248 1436 1331 capiendum

330 1371 518 1436 seysynam.

168 1485 236 1527 aa„
243 1486 286 1527 a„
398 1457 548 1521 Recessit
569 1476 649 1520 uero
664 1456 752 1520 idern
768 1454 962 1539 capellanus
977 1466 1011 1520 et
1027 1456 1164 1521 ueniens
1180 1458 1269 1541 apud
1286 1456 1435 1539 Wygen·

166 1536 288 1629 bili?
290 1542 319 1579 ¹²²
332 1560 407 1624 hale
437 1561 505 1623 cito
535 1560 666 1624 detexit
695 1558 871 1624 consilium
906 1580 1003 1625 suurn
1034 1561 1077 1624 ad
1113 1560 1243 1643 aliquos
1278 1560 1335 1642 qui
1370 1561 1438 1624 cito

167 1648 293 1735 imae
331 1664 480 1728 fecerunt
495 1684 571 1727 eum
594 1672 723 1728 mutare
744 1663 952 1745 propositum
974 1682 1081 1727 suum.
1126 1664 1228 1728 Venit
1250 1684 1329 1746 ergo
1346 1663 1439 1727 Prior

167 1735 319 1782 newham·
564 1766 571 1779 .
1117 1766 1124 1780 .
1343 1767 1361 1781 ..

167 1788 309 1880 'affin
331 1767 470 1849 Jolanus
497 1766 694 1829 festinanter
717 1785 776 1847 per
798 1774 920 1829 terram
945 1785 1022 1829 cum
1047 1786 1142 1848 equis
1165 1775 1198 1830 et
1221 1766 1379 1831 hernesus
1403 1775 1438 1831 et

168 1848 295 1939 si'ma
331 1871 458 1935 familia
479 1890 602 1952 magna
623 1871 665 1933 ad
687 1869 885 1951 capiendam
907 1890 1085 1952 seysynam
1106 1870 1148 1933 de
1171 1872 1265 1935 terris
1288 1880 1322 1934 et
1345 1880 1437 1934 tene·

167 1949 234 1989 rnen,
244 1940 303 1984 who

166 1989 319 2083 prmum
333 1976 454 2037 mentis
480 1993 545 2055 que
572 1974 718 2055 Jacobus
744 1974 936 2056 capellanus
963 1974 993 2037 ei
1021 1975 1191 2051 concessit,
1223 1984 1256 2037 et
1286 1975 1373 2039 sedit
1404 1976 1436 2038 in

167 2070 302 2184 mactilda!
331 2078 434 2142 domo
449 2098 510 2141 sua
525 2079 659 2161 propria
674 2090 750 2161 post
767 2079 944 2162 prandium
966 2100 1042 2143 cum
1059 2080 1174 2143 amicis
1189 2080 1257 2143 suis
1272 2090 1306 2143 et
1322 2080 1439 2143 vicinis

167 2188 310 2285 pgtffipg·
331 2180 481 2245 eiusdem
518 2182 595 2246 ville
634 2183 666 2245 in
702 2183 907 2246 iocunditate
944 2203 1075 2265 magna
1135 2182 1180 2246 Et
1215 2202 1292 2247 ecce
1328 2182 1439 2247 subito

167 2290 248 2342 maht·
332 2296 495 2350 uenerunt
525 2285 665 2350 ministri
696 2285 823 2350 domini
855 2287 1015 2351 Willelmi
1054 2286 1195 2351 Bardolf
1227 2308 1303 2352 cum
1336 2307 1437 2351 manu

329 2400 467 2467 armata,
493 2401 526 2454 et
554 2392 712 2455 insultum
741 2390 889 2455 fecerunt
916 2392 949 2455 in
978 2393 1124 2455 Priorem
1155 2403 1189 2455 et
1216 2412 1301 2455 suos.
1359 2390 1437 2474 Quo

329 2493 401 2557 uiso
426 2494 517 2557 Prior
539 2504 572 2558 et
595 2495 793 2577 omnesqui
818 2515 893 2559 curn
917 2514 958 2558 eo
980 2494 1128 2570 aderant,
1151 2496 1315 2577 perterriti
1339 2493 1438 2559 ualde

329 2597 493 2681 fugerunt,
523 2600 661 2682 quidam
692 2619 752 2681 per
781 2599 943 2662 fenestras
973 2606 1007 2661 et
1037 2597 1174 2681 quidam
1206 2598 1292 2661 ultra
1324 2618 1437 2661 muros

330 2701 502 2787 fugientes.
543 2702 633 2766 Prior
649 2723 729 2766 uero
744 2700 831 2785 fugit
847 2723 951 2786 usque
967 2701 1010 2765 ad
1027 2701 1201 2766 abbaciam
1219 2702 1262 2765 de
1279 2702 1436 2766 Derham.

331 2808 402 2870 Nec
418 2808 577 2871 remansit
597 2827 683 2869 unus
704 2808 747 2870 de
761 2805 887 2870 familia
905 2806 1035 2882 Priona,
1050 2805 1118 2881 sed,
1135 2806 1256 2870 relictis
1273 2807 1439 2884 omnibus,

329 2910 443 2993 fugam
480 2930 597 2974 omnes
632 2910 783 2973 inierunt.
846 2909 1014 2973 Intrantes
1045 2930 1123 2973 uero
1152 2911 1233 2974 dicti
1265 2910 1438 2993 predones,

330 3015 470 3078 ministri
502 3014 627 3077 scilicet
656 3014 784 3077 domini
816 3013 977 3076 Willelmi
1010 3012 1155 3089 Bardolf,
1185 3034 1302 3077 omnes
1333 3034 1436 3097 equos

330 3120 450 3182 Prioris
470 3139 555 3201 quos
577 3119 621 3183 ibi
642 3119 841 3182 inuenerunt
861 3138 937 3181 cum
960 3116 1120 3200 hernesijs
1136 3119 1235 3182 ualde
1250 3119 1437 3201 gaudentes

328 3223 551 3298 abduxerunt,
573 3230 718 3303 excepto
742 3242 808 3284 uno
831 3241 918 3304 equo
941 3232 1099 3285 ueterano
1123 3232 1262 3286 tantum.
1310 3222 1355 3286 Et
1376 3222 1437 3286 fuit

329 3347 486 3391 numerus
508 3346 669 3410 equorum
694 3325 857 3389 bonorum
882 3346 966 3408 quos
990 3328 1203 3391 abduxerunt
1225 3328 1303 3391 .xiii.
1326 3327 1437 3410 Capas

329 3453 408 3495 uero
425 3432 587 3515 pluuiales
608 3430 842 3494 canonicorum
860 3442 1038 3507 sumentes,
1053 3434 1149 3515 quasi
1171 3434 1203 3495 in
1221 3431 1435 3514 obprobrium

329 3538 565 3601 canonicorum
595 3545 630 3599 et
660 3534 794 3611 ordinis,
821 3534 1095 3599 cachinnaciones
1122 3547 1156 3600 et
1186 3538 1331 3600 derisum
1359 3537 1436 3600 inde

329 3645 485 3709 fecerunt.
532 3645 623 3709 Prior
644 3662 723 3706 uero
738 3650 772 3705 et
788 3642 839 3704 sui
855 3661 931 3705 cum
947 3641 1141 3705 confusione
1160 3661 1283 3723 magna
1298 3641 1434 3706 tandem

328 3751 371 3815 ad
403 3751 536 3834 propria
567 3748 742 3822 redierunt,
772 3748 957 3829 dampnum
986 3748 1196 3823 sustinentes,
1227 3756 1260 3809 et
1291 3747 1436 3811 feliciora

328 3865 481 3937 tempora
506 3860 732 3936 expectantes.
789 3851 868 3913 Non
895 3850 983 3913 enim
1011 3859 1142 3932 poterat
1169 3860 1249 3913 tunc
1276 3850 1436 3933 temporis

329 3961 423 4024 Prior
438 3980 497 4042 per
514 3959 639 4022 curiam
658 3956 761 4038 Regis
777 3966 894 4020 contra
910 3955 1140 4019 malefactores
1157 3956 1343 4038 impetrare,
1358 3956 1437 4039 quia

328 4064 475 4130 instabat
497 4073 575 4126 tunc
596 4061 691 4144 quasi
712 4071 845 4141 tempus
866 4078 990 4141 guerre
1037 4057 1094 4120 Ab
1115 4058 1172 4120 illo
1189 4078 1267 4121 uero
1283 4067 1435 4141 tempore

327 4172 361 4234 in
377 4168 495 4233 diebus
512 4167 632 4229 nostris
649 4184 715 4227 non
731 4172 826 4226 erant
843 4163 876 4224 in
897 4162 1000 4225 domo
1016 4162 1059 4224 de
1075 4159 1277 4223 Bernewelle
1292 4170 1343 4224 tot
1357 4162 1434 4243 equi

327 4275 407 4338 boni
419 4284 502 4355 quot
513 4279 608 4334 erant
619 4270 708 4352 apud
722 4267 932 4351 Wygenhale
945 4288 1003 4349 per
1015 4266 1139 4329 dictam
1156 4264 1434 4347 depredacionem

327 4379 439 4443 subito
455 4378 576 4440 amissi.
