3192 5067
172 349 236 453 111]
471 354 518 451 os
535 355 686 430 Burton
712 356 753 429 in
779 354 963 430 Kesteven
1209 376 1278 445 109

170 538 366 604 Wateruille
392 548 584 605 antecessor
609 541 759 624 predicte
788 540 947 607 Asceline
970 539 1114 625 vx0r[is]
1137 537 1278 623 predicti

172 642 343 728 Radulphi
359 643 453 708 dedit
468 645 534 708 deo
548 653 582 709 et
600 644 740 709 ecclesie
754 645 860 709 sancti
883 644 995 729 Egidij
1013 646 1056 709 de
1078 642 1279 708 Bernewelle

172 748 431 813 aduocacionem
448 748 597 832 predicte
612 748 751 813 ecclesie
772 759 807 814 et
823 750 980 833 quicquid
997 749 1029 813 in
1054 747 1279 814 aduocacione

173 853 320 935 predicte
341 853 479 917 ecclesie
497 851 614 916 habuit
634 852 686 916 uel
705 852 828 917 habere
843 855 962 937 potuit,
980 863 1014 918 et
1030 854 1154 938 profert
1174 873 1279 936 quan·

171 955 266 1019 dam¹
285 956 425 1040 predicti
446 955 616 1039 Radulphi
633 965 760 1021 cartam
783 979 849 1042 que
869 958 933 1022 hoc
954 967 1103 1023 testatur.
1150 955 1281 1021 Profert

171 1060 277 1123 eciam
299 1061 482 1143 quamdam
504 1059 796 1125 confirmacionem
821 1062 971 1144 predicte
987 1060 1145 1126 Asceline
1160 1060 1279 1125 ab'auie

172 1165 320 1247 predicte
352 1164 511 1229 Asceline
537 1164 653 1229 vxoris
683 1165 824 1249 predicti
853 1165 1034 1250 Radulphi,
1063 1174 1098 1230 et
1128 1165 1281 1229 similiter

172 1270 354 1351 quamdam
376 1268 670 1335 confirmacionem
693 1270 756 1335 sub
781 1270 916 1334 nomine
939 1272 1112 1335 cuiusdam
1137 1269 1279 1334 Matilde

173 1374 215 1437 de
240 1373 329 1437 Diue
351 1375 474 1439 sororis
496 1376 645 1457 predicte
665 1375 826 1439 Asceline
850 1376 977 1453 abauie‚
1001 1375 1034 1440 in
1057 1376 1178 1460 quibus
1201 1396 1278 1439 con-

171 1477 297 1542 tinetur
316 1479 407 1561 quod
425 1479 496 1562 ipse
511 1490 745 1543 concesserunt
761 1479 825 1544 deo
841 1490 874 1545 et
890 1479 1028 1545 ecclesie
1043 1479 1148 1543 sancti
1166 1478 1278 1561 Egidii

172 1581 215 1643 de
232 1579 433 1645 Bernewelle
451 1591 486 1645 et
507 1582 687 1646 conuentui
704 1582 829 1647 ibidem
851 1582 915 1647 deo
933 1584 1153 1648 seruientibus
1174 1583 1278 1647 dona-

172 1685 303 1765 cionem
328 1705 430 1768 quam
458 1684 627 1768 predictus
656 1685 856 1769 Radulphus
883 1685 926 1751 de
952 1686 1148 1751 Wateruille
1179 1686 1279 1751 irater
1292 1698 1309 1749 f.
1322 1716 1355 1763 4⁰

172 1788 395 1871 predictarum
435 1788 591 1853 Asceline
621 1800 656 1853 et
687 1788 830 1853 Matilde
860 1790 909 1853 eis
939 1790 1016 1855 secit
1051 1790 1094 1855 de
1129 1791 1279 1874 predicta

171 1892 395 1958 aduocacione
409 1914 493 1977 quas
509 1892 634 1976 profert
649 1904 683 1957 et
695 1914 760 1977 que
772 1894 836 1958 hoc
850 1892 1038 1959 testantur¹.
1081 1895 1182 1959 Vnde
1197 1894 1278 1959 dicit

171 1999 340 2080 predictus
364 1999 456 2062 Prior
478 1998 568 2081 quod
592 2000 724 2063 racione
747 1999 971 2082 predictarum
996 2000 1221 2063 donacionum
1244 2009 1278 2063 et

171 2101 465 2166 confirmacionum
486 2104 624 2186 quidam
647 2103 835 2168 Willelmus
856 2105 899 2169 de
919 2104 1084 2169 Bedelord
1105 2104 1276 2189 quondam

173 2206 266 2270 Prior
305 2208 347 2270 de
389 2205 591 2271 Bernewelle
629 2208 843 2291 predecessor
880 2230 959 2273 suus
997 2219 1148 2292 tempore
1185 2210 1277 2292 pacis

171 2312 376 2393 presentauit
398 2312 584 2395 predictum
612 2312 783 2396 Rogerum
807 2316 849 2378 de
876 2313 1098 2398 Huntingseld
1121 2313 1276 2378 clericum

171 2437 267 2480 suum
284 2426 318 2479 et
333 2416 376 2480 ad
393 2416 578 2500 predictam
594 2417 769 2482 ecclesiam
785 2418 850 2481 fuit
865 2418 1030 2483 admissus
1047 2428 1080 2482 et
1096 2418 1276 2495 institutus,

171 2529 205 2584 et
223 2518 342 2583 vltimo
364 2520 449 2583 obiit
469 2541 612 2604 persona
633 2521 666 2583 in
686 2520 826 2599 eadem;
851 2530 885 2585 et
903 2522 993 2639 quod
1011 2523 1057 2586 ita
1072 2522 1116 2585 sit
1131 2522 1226 2604 ponit
1241 2543 1277 2585 se

171 2644 270 2706 super
292 2643 452 2706 assysam.

237 2727 282 2791 Et
313 2726 407 2792 Otho
431 2750 490 2812 per
516 2738 723 2794 attornatum
748 2750 846 2793 suum
871 2729 952 2793 dicit
977 2729 1068 2813 quod
1093 2730 1176 2794 ad
1167 2750 1276 2814 ipsum
1291 2745 1428 2846 megum

171 2834 313 2914 pertinet
330 2844 519 2915 presentare
534 2832 577 2897 ad
588 2832 774 2914 predictam
790 2833 964 2898 ecclesiam
981 2833 1120 2918 eoquod
1132 2834 1276 2917 quedam
1291 2797 1414 2939 Ξὲιζῆξω

172 2936 316 3004 Matilda
330 2936 373 3000 de
390 2936 479 3002 Diua
495 2939 571 3002 auia
587 2938 690 3021 ipsius
713 2937 859 3003 Othonis
874 2938 992 3002 vltimo
1008 2940 1214 3022 presentauit
1234 2940 1276 3003 ad

171 3040 355 3123 predictam
380 3041 554 3106 ecclesiam
580 3043 752 3123 Rogerum
775 3052 927 3127 tempore
950 3044 1041 3126 pacis
1067 3052 1101 3107 et
1127 3053 1278 3127 tempore

169 3143 332 3226 Johannis
349 3146 460 3227 Regis,
476 3146 533 3229 qui
553 3145 596 3209 ad
617 3147 902 3229 presentacionem
924 3168 1018 3211 suam
1035 3148 1097 3211 luit
1112 3148 1278 3212 admissus

170 3258 205 3312 et
220 3248 402 3325 institutus,
417 3260 452 3313 et
468 3250 587 3314 vltimo
602 3250 687 3333 obijt
702 3272 846 3334 persona
862 3251 894 3315 in
911 3251 1050 3330 eadem;
1075 3261 1108 3316 et
1123 3255 1214 3336 quod
1231 3255 1278 3318 ita

169 3351 213 3415 sit
238 3353 333 3435 ponit
363 3375 399 3417 se
425 3376 525 3438 super
554 3376 714 3437 assysam.
770 3356 816 3419 Et
840 3355 979 3439 predicti
1012 3355 1212 3440 Radulphus
1243 3368 1277 3422 et

172 3455 330 3521 Ascelina
352 3457 512 3521 similiter.
558 3459 605 3523 Et
628 3459 704 3522 ideo
726 3458 880 3543 capiatur
902 3480 1026 3542 assysa,
1049 3469 1110 3523 etc.

247 3672 293 3735 16.
337 3671 458 3735 assisa
472 3682 564 3755 capta
578 3672 617 3737 de
631 3672 841 3737 aduocacione
855 3674 889 3738 E
889 3674 995 3739 cclesie
1007 3674 1047 3737 de
1060 3674 1203 3741 Bertone.

627 3776 750 3862 Jurati
761 3786 813 3841 etc.

221 3927 312 4000 Jurati
333 3928 431 3983 dicunt
450 3929 528 3999 quod
552 3930 697 3999 predictus
721 3930 881 3986 Willelmus
905 3931 942 3986 de
968 3931 1108 3988 Bedelord
1131 3932 1277 4005 quondam
1292 3954 1417 4047 mim

171 4016 250 4071 Prior
273 4016 309 4071 de
335 4016 506 4071 Bernewelle
530 4017 713 4087 predecessor
736 4016 818 4073 istius
846 4018 949 4074 Prioris
977 4020 1076 4076 ultimo
1104 4023 1276 4091 presentauit
1290 4004 1361 4097 ¹122,ss
1361 4005 1441 4049 Μ’

169 4104 328 4175 predictum
355 4105 499 4174 Rogerum
522 4104 559 4159 de
582 4104 771 4174 Huntingield
795 4104 930 4159 clericum
951 4124 1033 4161 suum
1057 4107 1095 4161 ad
1119 4110 1301 4196 predictam
1291 4108 1310 4157 (4
1321 4105 1390 4158 ΜΨ

169 4192 317 4247 ecclesiam
330 4204 458 4262 tempore
469 4192 550 4262 pacis
561 4190 609 4262 qui
626 4192 665 4247 ad
681 4192 924 4262 presentacionem
938 4211 1018 4249 suam
1031 4194 1082 4250 suit
1095 4196 1236 4252 admissus
1248 4208 1277 4253 et
1291 4156 1357 4207 ιω

169 4277 314 4335 institutus
326 4288 355 4333 et
370 4278 470 4333 ultimo
487 4277 557 4333 obiit
573 4280 739 4349 personam
756 4280 866 4346 eadem,
878 4290 907 4335 et
924 4281 988 4336 ideo
1005 4280 1214 4338 consideratum
1232 4295 1276 4340 est

423 4399 432 4432 ¹
448 4409 577 4467 quantam,
591 4401 647 4453 MS.
814 4400 825 4433 ²
841 4408 953 4461 testatur,
966 4403 1023 4457 MS.
