3192 5067
153 319 216 419 111]
435 321 571 394 Mabel
592 319 731 392 Howes
757 318 791 391 e's
816 317 977 416 rejected
1191 340 1257 409 ¹03

152 506 225 562 sicut
237 506 381 577 predictus
396 504 475 559 Prior
487 504 563 560 dicit.
601 506 639 559 Et
651 502 868 574 inquisicionem
885 519 971 573 quam
989 500 1055 557 inde
1072 502 1172 559 feceris
1190 504 1261 559 scire

151 594 240 648 iacias
265 593 425 649 iusticiariis
454 593 557 647 nostris
587 592 784 670 itinerantibus
809 592 886 662 apud
911 590 1036 646 Wiltone
1061 591 1089 645 in
1118 592 1261 648 Comitatu

152 682 277 737 Wiltone
295 699 313 736 a
334 681 380 735 die
404 681 492 735 Pasce
512 680 541 734 in
560 697 647 735 vnum
666 697 794 735 mensem
821 681 874 735 sub
900 680 992 749 sigillo
1019 690 1067 735 tuo
1093 691 1121 735 et
1146 680 1261 751 sigillis¹

151 786 249 825 eorum
261 786 312 841 per
324 785 444 839 quorum
456 778 665 823 sacramentum
678 767 894 838 inquisicionem
908 767 986 821 illam
998 766 1107 837 seceris,
1120 768 1186 839 quia
1201 778 1261 823 tarn

152 856 228 911 idem
248 858 332 927 prior,
355 873 441 927 quam
462 854 589 926 predicta
611 855 739 922 Mabilia,
762 856 835 909 inter
857 871 928 925 quos
951 854 1018 909 inde
1040 865 1083 909 est
1105 857 1261 925 contencio,

151 955 306 1018 posuerunt
318 962 349 999 se
365 945 432 999 inde
449 946 477 998 in
495 943 709 1015 inquisicionem
727 944 824 1008 illam;
842 955 870 997 et
889 944 995 998 habeas
1013 943 1051 998 ibi
1069 945 1123 1000 hoc
1136 946 1221 1001 breue
1234 954 1262 1000 et

152 1034 269 1088 nomina
284 1051 381 1088 eorum
396 1050 447 1104 per
463 1050 582 1103 quorum
600 1043 810 1087 sacramentum
826 1030 1041 1101 inquisicionem
1060 1032 1137 1087 illam
1152 1032 1260 1088 seceris.

152 1120 286 1176 Testibus
301 1122 337 1175 H.
351 1132 379 1176 et
391 1122 455 1175 aliis
467 1119 628 1193 iusticiarijs
640 1119 752 1175 nostris.

154 1260 200 1325 Et
228 1262 320 1325 Prior
346 1261 424 1325 fecit
450 1271 639 1325 attomatos
661 1261 852 1344 Johannem
878 1260 993 1323 Laane
1015 1270 1049 1324 et
1073 1260 1260 1326 Galsridum

154 1366 230 1432 Seic
245 1367 370 1431 ibidem
387 1387 498 1430 coram
515 1365 713 1449 justiciarijs
729 1366 887 1448 predictis
903 1364 977 1428 loco
993 1385 1054 1429 suo
1070 1365 1113 1430 ad
1133 1366 1262 1431 lucran-

153 1470 235 1534 dum
250 1480 284 1535 et
300 1470 517 1553 perdendum.

209 1623 362 1694 lnquisicio
374 1622 451 1677 iacta
459 1624 532 1677 inter
543 1623 667 1677 Priorem
680 1621 717 1677 de
731 1622 902 1676 Bemewelle
914 1630 942 1675 et
957 1621 1105 1677 Mabiliam
1118 1624 1262 1693 quondam
1276 1627 1396 1721 {¹¹:3¹qu

153 1729 269 1767 uxorem
287 1712 406 1767 Galsridi
425 1711 462 1767 de
477 1712 582 1765 Horres
599 1711 635 1766 de
647 1727 704 1763 vno
716 1710 864 1779 mesuagio
877 1727 928 1763 .xx.
942 1710 1014 1763 acris
1027 1719 1100 1765 terre
1112 1720 1140 1766 et
1152 1712 1263 1767 duabus
1275 1729 1319 1771 rne
1327 1728 1402 1771 claim

153 1802 227 1857 acris
244 1801 317 1873 prati
334 1813 361 1857 et
378 1802 497 1857 dimidia
513 1818 579 1857 cum
596 1799 778 1871 pertinencijs
796 1800 825 1853 in
846 1798 1036 1869 Maddingele,
1049 1816 1100 1872 per
1116 1800 1263 1855 dominum
1276 1777 1397 1871 ἷῖᾕῖιζῗι

154 1889 328 1944 Willelmum
345 1890 381 1945 de
395 1890 519 1957 Cheney‚
532 1888 680 1943 dominum
700 1888 855 1955 Hugonem
872 1885 907 1940 de
924 1887 1104 1953 Crowedene,
1117 1886 1264 1943 dominum

156 1977 329 2031 Nicholaum
346 1977 371 2031 le
388 1976 525 2043 Vauasar,
538 1976 686 2031 dominum
702 1975 864 2045 iohannem
881 1974 917 2028 de
936 1975 1031 2029 Beche
1047 1974 1161 2043 milites,
1174 1986 1202 2030 et
1214 1982 1294 2046 pers.
1310 1982 1366 2049 37b

155 2066 329 2122 willelmum
350 2067 387 2120 de
411 2066 439 2119 la
465 2066 565 2132 Marlr’‚
585 2074 612 2119 et
635 2063 810 2117 willelmum
835 2062 861 2116 le
888 2064 967 2130 Puer,
991 2064 1145 2120 Ricardum
1168 2065 1263 2135 Jurde‚

156 2152 330 2207 Richardum
352 2152 520 2220 Belebuche‚
540 2152 682 2205 Thomam
703 2150 840 2217 Bernard,
863 2149 1022 2204 Gilbertum
1043 2152 1069 2205 le
1095 2150 1173 2220 Knit,
1195 2152 1263 2206 Wil-

154 2240 270 2294 lelmum
294 2240 330 2294 de
356 2241 532 2306 Blalrewelle,
556 2240 717 2309 Johannem
743 2238 779 2291 de
803 2238 952 2305 Grancete‚
977 2237 1027 2307 qui
1054 2237 1153 2292 dicunt
1181 2254 1265 2308 super

155 2338 364 2383 sacramentum
385 2345 467 2383 suum
487 2328 563 2397 quod
585 2328 749 2396 Margareta
769 2336 860 2380 mater
882 2325 1001 2380 Galiridi
1021 2327 1058 2381 de
1080 2327 1184 2381 Howes
1206 2344 1263 2381 non

155 2416 244 2470 tenuit
261 2416 420 2485 predictum
438 2413 616 2484 mesuagium
633 2430 698 2468 cum
717 2413 815 2482 viginti
834 2412 908 2467 acris
926 2423 999 2469 terre
1015 2423 1044 2468 et
1062 2414 1172 2469 duabus
1190 2416 1264 2469 acris

155 2505 227 2573 prati
245 2514 273 2559 et
289 2504 408 2559 dimidia
424 2502 453 2557 in
470 2502 554 2558 feodo
573 2512 600 2557 et
618 2501 775 2556 hereditate
792 2517 845 2555 nec
864 2500 930 2555 inde
942 2499 1013 2570 obijt
1026 2502 1130 2571 seysita
1144 2502 1216 2556 sicut
1228 2501 1264 2556 de

155 2592 247 2660 feodo,
261 2608 353 2662 neque
370 2592 499 2661 predicta
516 2601 591 2645 terra
609 2599 672 2660 post
691 2600 811 2644 mortem
831 2590 919 2659 ipsius
940 2590 1100 2658 Margarete
1117 2589 1264 2646 descendit

155 2681 283 2751 predicto
294 2680 422 2735 Galsrido
429 2679 488 2733 filio
498 2696 549 2734 suo
555 2679 618 2749 jure
628 2677 806 2745 hereditario,
817 2678 868 2733 sed
879 2677 954 2732 idem
966 2678 1110 2733 Gallridus
1120 2680 1264 2749 quondam

155 2770 199 2822 uir
210 2768 299 2840 ipsius
313 2769 430 2823 Mabilie
442 2785 498 2838 que
514 2785 589 2822 nunc
604 2768 675 2837 petit
689 2783 746 2821 non
763 2767 853 2821 tenuit
868 2766 1025 2837 predictam
1044 2777 1145 2821 terram
1159 2766 1214 2822 nisi
1226 2768 1264 2822 acl

155 2858 307 2913 terminum
323 2857 381 2911 uite
397 2873 455 2923 sue,
468 2865 497 2911 et
513 2856 568 2910 hoc
585 2871 634 2926 per
653 2856 828 2909 uoluntatem
847 2854 915 2909 dicti
933 2854 1037 2910 Prioris
1054 2865 1082 2910 et
1100 2856 1263 2912 Conuentus

156 2945 192 2999 de
205 2945 374 2999 Bernewelle
387 2943 459 2999 sicut
476 2952 595 2998 testatur
612 2942 640 2997 in
657 2943 781 3013 quadam
798 2952 877 2996 carta
889 2941 1075 3010 cyrograffata
1088 2940 1160 2997 inter
1172 2942 1264 2997 dictos

157 3032 282 3086 Priorem
301 3042 330 3087 et
349 3032 528 3087 Conuentum
549 3030 585 3085 de
608 3030 778 3084 Bernewelle
797 3040 826 3085 ct
845 3029 1002 3099 predictum
1021 3030 1180 3085 Galiridum
1197 3046 1263 3085 con-

156 3116 238 3172 lecta

264 3356 294 3419 6.
342 3352 517 3430 Judicium
533 3365 596 3436 pro
619 3352 741 3417 Priore
762 3352 803 3416 de
826 3351 1018 3417 Bemewelle
1040 3364 1153 3418 contra

514 3458 694 3523 Mabiliam
719 3458 759 3521 de
781 3458 910 3522 Horres.

224 3641 345 3705 Postea
364 3641 407 3703 ad
423 3641 512 3704 diem
530 3639 623 3704 illum
641 3640 814 3724 Philippus
829 3642 872 3705 de
889 3641 1054 3706 Stantone
1070 3651 1149 3706 tunc
1166 3642 1263 3705 Vice·
1279 3660 1433 3704 suessam

157 3767 270 3809 comes
293 3746 383 3809 misit
409 3744 660 3827 inquisicionem
684 3766 749 3828 que
771 3745 853 3809 dicit
876 3747 966 3828 quod
994 3747 1161 3829 predictus
1185 3745 1264 3811 Gal·
1279 3712 1409 3813 iiiiiiii

158 3849 262 3913 fridus
282 3869 349 3911 non
372 3851 480 3913 tenuit
499 3849 684 3931 predictam
706 3859 827 3913 terram
850 3850 911 3913 nisi
933 3850 976 3913 ad
999 3851 1176 3913 terminum
1196 3850 1264 3913 vite
1277 3812 1407 3855 mecauri.

159 3976 226 4031 sue,
241 3965 275 4019 et
290 3975 357 4018 non
374 3956 407 4017 in
424 3954 522 4018 feodo
539 3954 585 4017 ita
600 3952 691 4036 quod
714 3952 855 4018 Mabilia
869 3975 955 4018 vxor
975 3975 1035 4018 sua
1056 3954 1133 4018 inde
1155 3953 1263 4018 dotari

159 4060 276 4142 potuit
292 4069 325 4123 et
347 4058 423 4121 ideo
444 4057 689 4121 consideratum
711 4066 761 4121 est
782 4058 872 4140 quod
895 4058 1063 4141 predictus
1080 4058 1172 4122 Prior
1187 4058 1265 4121 inde

158 4163 229 4226 sine
245 4164 299 4225 die
314 4172 347 4227 et
363 4163 513 4245 predicta
530 4161 670 4225 Mabilia
685 4162 718 4225 in
736 4162 961 4226 misericordia
975 4173 1036 4227 etc.

604 4376 614 4408 ¹
630 4378 777 4442 sigillorum,
792 4376 850 4427 ms,
