3192 5067
461 329 661 406 Hundred
681 331 730 427 of
755 331 956 430 Wetherley
1190 355 1257 429 251

350 689 552 756 Hrmdredus
574 693 612 756 de
643 692 814 758 Wetlrerslc
835 694 1067 779 [Wetherleyl

221 861 389 944 Erington
415 861 639 948 [ArrIngton].
685 867 808 932 Saerus
837 870 880 932 de
908 867 1034 933 Sancto
1061 867 1200 931 Andrea
1229 875 1263 931 et

157 966 334 1049 participes
349 967 399 1030 sui
416 975 531 1032 tenent
548 969 681 1034 leodum
698 972 726 1053 .j.
741 972 856 1035 militis
871 972 914 1037 de
930 971 1062 1037 Comite
1075 969 1262 1035 Glouemie.

231 1069 384 1154 Wynepol
409 1071 613 1157 [Wimpolel
676 1075 807 1140 Alanus
836 1075 880 1140 de
910 1076 1136 1160 Bassingbum
1170 1085 1263 1140 tenet

157 1171 291 1238 {eodum
310 1175 338 1238 .i.
352 1174 466 1238 militis
478 1175 521 1240 de
536 1177 661 1242 honore
679 1178 910 1244 Richmondie.
950 1179 1080 1244 Ibidem
1095 1179 1263 1244 Robertus

157 1277 199 1341 de
227 1278 335 1342 Beche
362 1288 455 1342 tenet
477 1279 613 1345 feodum
636 1283 665 1346 .i.
689 1283 804 1346 militis
827 1284 869 1348 de
895 1283 1054 1349 Hamone
1077 1285 1214 1360 Pecche,
1229 1293 1264 1348 et

157 1381 258 1447 debet
273 1383 316 1448 de
332 1383 459 1448 auxilio
474 1386 679 1450 vicecomitis
695 1387 801 1470 .iiij.d.,
817 1397 851 1451 et
866 1388 909 1453 de
923 1388 1037 1452 warda
1053 1389 1162 1454 Castri
1178 1389 1263 1452 inlra

158 1507 282 1552 annum
299 1498 333 1552 et
353 1488 529 1552 dimidium
551 1489 726 1554 dimidiam
745 1512 900 1558 marcam.
949 1493 1079 1557 ibidem
1098 1493 1263 1557 Henricus

158 1593 200 1657 de
228 1592 394 1659 Childerle
420 1603 513 1658 tenet
540 1595 674 1660 feodum
702 1595 731 1680 .j.
759 1597 874 1661 militis
903 1598 946 1663 de
972 1597 1111 1662 baronia
1136 1598 1263 1662 Warini

157 1697 216 1761 filii
238 1697 371 1775 Gerold,
391 1695 491 1764 debet
513 1699 542 1782 .j.
561 1709 697 1778 sectam,
717 1712 750 1765 et
776 1702 881 1786 Hugo
902 1703 946 1768 de
968 1701 1144 1768 Craudene
1163 1701 1265 1766 debet

157 1811 291 1867 sectam.
331 1801 461 1867 Ibidem
479 1801 649 1868 Gallridns
664 1806 707 1868 de
724 1805 845 1869 Bancis
860 1806 961 1870 debet
978 1805 1007 1870 .i.
1023 1814 1158 1882 sectam,
1173 1814 1207 1870 et
1222 1803 1265 1868 de

157 1907 285 1970 auxilio
310 1907 515 1972 vicecomitis
538 1906 635 1990 ‚xij.d.
682 1908 814 1973 Ibidem
843 1909 1031 1974 Willclmus
1054 1909 1085 1974 le
1110 1908 1265 1974 Franceis

157 2021 250 2076 tenet
265 2012 400 2076 feodum
416 2012 546 2077 dimidii
563 2011 677 2077 militis
692 2014 735 2078 de
751 2013 890 2078 baronia
907 2014 1039 2097 Leydet
1053 2023 1089 2078 et
1103 2013 1204 2078 debet
1221 2013 1264 2077 de

156 2117 285 2181 auxilio
299 2118 504 2182 vicecomitis
519 2139 561 2183 .x.
577 2116 754 2183 denarios¹.

225 2220 365 2287 Orewell
385 2220 548 2306 [Orwell].
593 2221 782 2287 Willelmus
808 2222 932 2307 Torpel
959 2233 1052 2288 tenet
1074 2223 1210 2288 feodum
1236 2223 1295 2288 .i.t.
1312 2248 1356 2296 ¹⁴7

159 2325 272 2390 militis
287 2327 329 2390 de
346 2327 479 2393 Comite
499 2326 687 2391 Glouernle.
734 2327 865 2392 Ibidem
885 2328 1052 2393 Robertus
1066 2329 1110 2392 de
1122 2327 1264 2393 Orewell

157 2440 250 2496 tenet
276 2431 305 2496 .i.
330 2430 445 2496 hidam
470 2431 672 2515 geldabilem
700 2451 759 2514 per
784 2429 956 2514 socagium
981 2433 1024 2496 de
1051 2431 1199 2497 Henrico
1221 2434 1265 2497 de

158 2533 361 2612 Bokeswrth,
397 2545 431 2600 et
471 2534 572 2601 debet
609 2535 637 2600 .i.
675 2544 811 2612 sectam,
849 2544 883 2599 et
925 2535 967 2599 de
1008 2534 1137 2599 auxilio
1176 2534 1263 2600 vice-

156 2641 287 2705 comitis
310 2640 409 2723 .xij.d.

222 2743 393 2808 Malketon
420 2743 566 2828 [Malton
595 2745 627 2807 in
653 2742 801 2827 Orwell].
846 2743 1030 2808 Nicholaus
1055 2745 1086 2808 le
1110 2744 1265 2808 Vauasur

157 2857 250 2912 tenet
266 2847 399 2912 feodum
417 2847 448 2913 .i.
464 2847 578 2913 militis
594 2867 670 2911 cum
687 2858 774 2912 terra
789 2867 890 2930 quam
906 2848 1074 2912 Robertus
1089 2850 1133 2913 de
1150 2848 1265 2911 Insula

156 2962 250 3017 tenet
265 2953 308 3016 de
323 2974 364 3017 eo
380 2952 412 3016 in
426 2952 595 3034 Westwyc
611 2963 644 3016 et
663 2950 817 3017 Hokiton
833 2953 877 3016 de
891 2952 1018 3017 honore
1032 2952 1264 3029 Richmondie‚

157 3068 191 3122 et
206 3056 307 3122 debet
323 3059 352 3122 .i.
368 3067 504 3133 sectam,
520 3068 553 3122 et
570 3057 640 3142 [de]
656 3056 785 3122 auxilio
800 3057 1008 3122 vicecomitis
1023 3056 1177 3140 ‚xxxij.d.

224 3163 340 3246 Sapere
349 3159 555 3246 [Shepreth].
595 3161 725 3244 Symon
738 3162 864 3226 Martin
878 3171 972 3226 tenet
984 3163 1119 3227 feodum
1132 3162 1262 3227 dimidii
1315 3194 1319 3203 ·

158 3267 271 3332 militis
301 3267 344 3331 de
370 3266 509 3332 baronia
541 3265 716 3348 Hardwyn
744 3266 787 3331 de
815 3266 1013 3351 ScalarsiisJ,
1043 3277 1077 3331 et
1107 3266 1210 3332 debet
1235 3268 1263 3332 .i.

157 3381 283 3436 sectam
315 3369 378 3454 [et]
409 3371 452 3436 de
483 3370 612 3434 auxilio
640 3371 849 3436 vicecomitis
875 3372 1028 3455 ,xxxijol
1074 3373 1265 3437 Bernardus

157 3476 200 3541 de
220 3475 435 3560 Rothomago
456 3485 548 3540 tenet
571 3475 636 3559 .iiij.
652 3484 782 3560 partem
804 3477 893 3541 leodi
913 3477 940 3543 .i.
960 3477 1075 3542 militis
1097 3478 1142 3542 de
1164 3478 1265 3544 feodo

206 3655 214 3688 ¹
233 3658 269 3708 Αῑ
286 3656 329 3709 the
345 3655 398 3709 loot
414 3655 444 3708 ol
457 3657 507 3708 this
524 3673 588 3723 page
604 3673 647 3708 are
664 3657 707 3708 tbe
723 3657 854 3723 following
869 3659 1032 3709 muoranda
1047 3658 1073 3708 in
1090 3673 1106 3708 a
1125 3657 1183 3721 r4tb
1199 3667 1265 3710 cent.

157 3739 243 3790 hand:
270 3739 376 3806 “Jurati
394 3739 482 3790 dicunt
500 3740 569 3806 quod
586 3739 697 3790 Thomas
714 3739 746 3790 de
766 3739 904 3790 Haslarton
921 3747 989 3790 tenet
1006 3738 1138 3790 dimidium
1154 3739 1222 3790 leodi
1238 3741 1265 3791 in

159 3821 308 3872 Hardliston
330 3821 398 3887 quod
422 3822 493 3871 Prior
515 3822 547 3871 de
574 3820 712 3872 Bemewell
735 3823 814 3872 tenuit
835 3839 903 3873 anno
928 3823 999 3888 regni
1019 3822 1116 3872 domini
1145 3823 1265 3873 Edwardi

157 3903 284 3968 quondam
297 3904 374 3970 Regls
384 3904 477 3970 Anglie
487 3903 528 3954 avi
540 3904 634 3954 domini
648 3905 724 3970 Regis
735 3921 809 3955 nunc
847 3905 880 3955 Et
892 3905 1017 3970 predictus
1030 3905 1100 3955 Prior
1111 3905 1144 3955 de
1152 3905 1265 3970 predicto

157 3985 263 4036 dImidio
285 3985 360 4036 leodo
382 3987 459 4037 modo
481 3987 559 4037 nichil
582 3985 676 4038 tenet.”
710 3986 816 4052 “Jurati
836 3987 868 4037 de
889 3987 1031 4039 Hundredo
1052 3987 1085 4039 de
1104 3987 1265 4053 Trippelorre

156 4067 244 4118 dicunt
255 4069 322 4134 quod
334 4069 447 4120 Thomas
457 4070 490 4122 de
503 4069 641 4120 llaslnrton
653 4077 720 4120 tenet
732 4070 865 4120 dimidium
879 4069 947 4120 leodi
961 4069 1047 4122 mllitis
1061 4071 1088 4122 in
1100 4071 1265 4124 Ilerdleston.

158 4151 233 4216 Quod
248 4152 350 4218 quidem
364 4153 497 4204 dimidium
508 4152 576 4204 leodi
595 4153 665 4204 Prior
681 4154 713 4203 de
726 4153 866 4203 Bemewell
877 4153 957 4204 lenuit
973 4163 999 4204 et
1010 4162 1127 4206 oneratus
1140 4155 1188 4205 tuit
1198 4171 1266 4206 anno

157 4236 226 4300 regni
237 4233 334 4285 domini
348 4234 424 4300 Regis
437 4235 555 4284 Edwardl
571 4235 611 4284 avi
623 4235 719 4286 domini
733 4235 810 4300 Regis
820 4251 887 4286 nunc
898 4243 972 4300 prout
983 4237 1059 4286 breve
1071 4237 1198 4302 supponit.
1232 4238 1266 4287 Et

156 4318 243 4368 dicunt
262 4317 365 4368 ulterius
381 4315 457 4381 jurati
476 4317 544 4383 qvod
565 4317 646 4369 dictus
665 4317 735 4369 Prior
751 4318 776 4367 ln
796 4319 906 4383 presenti
921 4319 999 4370 nichil
1017 4329 1084 4370 tenet
1100 4319 1133 4369 de
1152 4320 1266 4384 predicto

155 4400 262 4451 dimidio
279 4398 382 4452 [φάσθ’
