3192 5067
377 349 450 438 316
656 342 694 416 T
687 351 819 418 enanis
843 343 883 416 in
920 341 1185 438 Whittlessord
1389 341 1494 442 [eom

374 525 428 608 iij.
458 525 566 603 rodas,
597 526 682 590 Inter
717 535 840 590 terram
872 525 1060 590 Alexandri
1094 523 1256 609 prepositi
1296 537 1340 592 et
1381 541 1493 592 terram
1555 539 1556 546 ’

375 629 515 713 predicti
542 629 696 712 Philippi.
742 630 838 696 Idem
867 629 996 712 Symon
1024 639 1116 695 tenet
1145 630 1179 694 in
1210 631 1346 696 eodem
1382 653 1493 716 campo

374 731 464 812 apud
482 729 600 794 Tostes
614 728 667 812 iij.
684 728 792 804 rodas,
810 729 895 794 inter
909 739 1031 794 terram
1052 729 1195 814 Philippi
1212 729 1256 794 de
1274 731 1492 816 Scyrebume

373 843 408 897 et
423 843 545 897 terram
563 833 752 916 Margarete
767 833 864 898 Goul.

441 935 554 1001 Adam
573 937 604 1002 le
625 936 763 1003 Chaneu
784 946 878 1002 tenet
898 938 931 1002 in
953 936 1143 1022 Briggeleld
1166 959 1204 1004 .v.
1222 959 1335 1015 acras,
1353 959 1490 1024 quarum

374 1063 439 1106 vna
458 1063 536 1106 acra
555 1053 589 1106 et
609 1042 750 1107 dimidia
770 1043 879 1108 iacent
901 1043 996 1107 iuxta
1018 1052 1141 1108 terram
1163 1043 1305 1126 predicti
1335 1043 1490 1128 Philippi,

374 1159 408 1212 ct
437 1147 594 1211 abuttant
620 1167 719 1231 super
745 1157 866 1213 terram
892 1147 1031 1212 Walteri
1059 1148 1089 1212 le
1118 1147 1346 1231 Frankeleyn.
1400 1149 1488 1213 idem

374 1262 467 1316 tenet
482 1250 512 1333 .j.
527 1271 639 1314 acram
660 1261 694 1314 et
712 1251 741 1335 .j.
760 1252 877 1317 rodam
900 1252 932 1316 in
953 1252 1073 1317 eodem
1094 1273 1214 1338 campo
1236 1252 1343 1317 iuxta
1369 1263 1487 1318 terram

374 1354 513 1439 predicti
535 1355 681 1438 Philippi
702 1365 736 1419 et
757 1365 878 1420 terram
896 1356 1089 1440 Baldewyni
1106 1357 1148 1421 de
1165 1356 1323 1440 Romely,
1340 1369 1381 1422 et
1397 1357 1487 1422 abut-

373 1469 448 1523 tant
467 1479 567 1542 super
587 1469 709 1523 terram
730 1458 879 1544 magistri
902 1459 1050 1526 Walteri.
1098 1461 1183 1524 Item
1204 1469 1298 1525 tenet
1312 1462 1376 1544 .iij.
1394 1463 1487 1525 rodas
1558 1517 1559 1538 1

374 1564 408 1627 in
429 1564 548 1629 eodem
568 1584 691 1647 campo
711 1564 808 1628 iuxta
828 1574 950 1628 terram
966 1564 1130 1646 Johannis
1152 1564 1254 1640 Mille,
1271 1575 1307 1629 et
1326 1567 1488 1630 abuttant

374 1688 474 1750 super
498 1667 708 1732 Yeuestrate.
756 1667 842 1732 Item
870 1676 962 1732 tenet
988 1665 1016 1749 .j.
1043 1687 1155 1732 acram
1181 1677 1216 1731 et
1241 1666 1430 1732 dimidiam
1457 1670 1486 1731 in

374 1770 493 1835 eodem
527 1791 657 1854 campo,
689 1770 785 1834 iuxta
820 1779 941 1835 terram
973 1769 1166 1854 Baldewyni
1196 1771 1239 1836 de
1270 1771 1428 1855 Romely
1457 1783 1487 1836 et

374 1875 529 1939 abuttant
543 1895 644 1958 super
661 1884 784 1938 terram
802 1873 879 1938 Adc
895 1877 1095 1939 mercatoris.
1144 1876 1238 1939 ldem
1257 1873 1377 1940 Adam
1395 1887 1486 1940 tenet

374 1979 407 2042 in
426 1978 628 2044 Holmisleld
645 1978 710 2061 iiij.
726 1999 819 2042 acras
834 1987 868 2042 et
883 1978 1057 2043 dimidiam
1074 1999 1215 2062 quarum
1227 1999 1294 2042 vna
1305 1999 1388 2043 acra
1400 1982 1485 2046 iacet

374 2084 470 2146 iuxta
485 2093 607 2148 terram
624 2083 764 2147 Walteri
777 2081 1035 2164 Waynesheued
1048 2093 1082 2148 et
1093 2083 1226 2148 abuttat
1236 2103 1340 2167 super
1351 2085 1483 2148 sladam

375 2186 533 2251 willelmi
561 2187 592 2252 le
615 2187 768 2270 Spenser.
816 2187 902 2251 Item
930 2197 1022 2252 tenet
1044 2208 1143 2252 vnam
1167 2209 1277 2252 acram
1301 2189 1335 2251 in
1361 2191 1483 2254 eodem
1560 2273 1561 2282 ἵ

260 2307 276 2354 r.
292 2307 360 2370 176b
373 2313 495 2376 campo
525 2293 621 2358 quta
650 2303 771 2356 terram
801 2292 944 2375 Philippi
972 2294 1014 2356 de
1041 2293 1259 2376 Scyrebume‚
1284 2303 1320 2358 et
1346 2294 1482 2359 abuttat
1560 2283 1561 2320 ³

373 2418 473 2482 super
499 2410 620 2462 terram
645 2397 840 2480 Baldewyni
865 2397 1010 2480 Dakeny
1033 2418 1132 2481 super
1156 2395 1335 2480 Waytehil.
1385 2397 1481 2462 Idem

373 2512 466 2566 tenet
482 2501 513 2584 .j.
534 2521 646 2566 acram
667 2511 702 2566 et
721 2501 896 2566 dimidiam
918 2502 951 2564 in
973 2499 1092 2565 eodem
1113 2521 1234 2584 campo
1254 2521 1356 2584 super
1377 2501 1481 2586 Way·

374 2605 455 2669 tehil
476 2606 572 2669 iuxta
594 2615 715 2669 terram
736 2605 817 2669 dicti
841 2605 995 2688 Philippi,
1019 2615 1053 2669 et
1076 2606 1208 2669 abuttat
1232 2625 1331 2687 super
1355 2616 1479 2670 terram

373 2710 453 2774 dicti
482 2709 683 2791 Baldewyni.
732 2709 817 2773 Item
846 2711 878 2772 in
906 2711 1024 2774 eodem
1052 2729 1173 2792 campo
1199 2709 1227 2792 .j.
1254 2729 1367 2774 acram
1395 2720 1481 2775 terre

374 2814 470 2878 iuxta
503 2825 623 2878 terram
655 2813 733 2876 Ade
769 2813 965 2876 Mercatoris
994 2821 1029 2877 et
1058 2813 1190 2877 abuttat
1223 2833 1323 2895 super
1356 2823 1479 2879 terram

373 2919 512 3002 predicti
535 2919 737 3000 Baldewyni.
784 2918 878 2982 Idem
903 2917 1014 2980 Adam
1040 2927 1132 2981 tenet
1156 2919 1188 2980 in
1213 2917 1417 2984 Stonhilfeld
1441 2921 1480 3003 .ij.

372 3046 465 3088 acras
486 3034 520 3087 et
540 3023 656 3087 rodam
678 3024 775 3086 iuxta
795 3033 916 3086 terram
938 3022 1077 3103 predicti
1100 3021 1254 3105 Philippi,
1270 3032 1303 3084 et
1322 3022 1480 3086 abuttant

373 3151 472 3212 super
492 3139 612 3192 terram
631 3127 790 3192 Willelmi
812 3127 843 3191 le
860 3127 1012 3212 Spenser.
1061 3127 1145 3191 Item
1162 3136 1255 3191 tenet
1271 3126 1300 3210 .j.
1316 3148 1430 3191 acram
1448 3141 1480 3192 et

372 3235 401 3316 .j.
418 3233 534 3298 rodam
556 3233 589 3294 in
611 3233 730 3297 eodem
749 3252 871 3315 campo
887 3233 972 3294 inter
988 3242 1109 3295 terram
1126 3233 1266 3315 predicti
1284 3233 1430 3317 Philippi
1447 3247 1479 3298 et

373 3351 494 3403 terram
516 3337 679 3420 Johannis
703 3339 745 3402 dc
769 3338 907 3421 Spayne
930 3340 1020 3419 apud
1047 3337 1343 3421 Longelurlonges.
1393 3339 1479 3403 Item

373 3452 466 3507 tenet
491 3441 520 3524 .j.
547 3441 722 3505 dimidiam
748 3461 859 3505 acram
887 3441 920 3504 in
947 3443 1065 3506 codem
1093 3460 1214 3524 campo
1245 3442 1330 3506 inter
1355 3451 1479 3507 terram

372 3547 512 3633 predicti
531 3545 676 3629 Philippi
691 3555 726 3610 et
741 3557 863 3610 terram
884 3545 1019 3610 Ricardi
1040 3545 1237 3611 Marescalli.
1283 3547 1370 3610 Item
1388 3559 1481 3614 tenet

372 3653 400 3736 .j.
413 3650 587 3715 dimidiam
604 3671 715 3714 acram
732 3661 817 3714 terre
834 3651 866 3714 in
884 3651 1002 3716 eodem
1019 3670 1140 3734 campo
1156 3651 1253 3716 iuxta
1268 3661 1390 3717 terram
1408 3676 1481 3738 pre-

371 3756 453 3822 dicti
471 3754 625 3836 Philippi‚
641 3764 675 3818 et
690 3754 824 3818 abuttat
839 3775 939 3838 super
954 3765 1077 3818 terram
1096 3753 1290 3839 Baldewyni
1308 3755 1467 3841 Dakeny.

440 3966 514 4028 Hec
542 3963 717 4046 inquisitio
747 3961 836 4026 iacta
864 3962 925 4026 luit
951 3982 1041 4026 anno
1068 3963 1160 4044 regni
1189 3963 1292 4046 Regis
1321 3963 1481 4030 Edwardi

238 4099 359 4150 :are-1290
372 4070 490 4153 ,xviij.⁰
509 4088 623 4132 coram
643 4069 782 4132 domino
805 4069 952 4151 Hugone
973 4069 1015 4131 de
1038 4067 1270 4150 Babingetone
1290 4076 1372 4132 tunc
1394 4071 1481 4134 vice·

372 4178 494 4242 comite
516 4173 739 4256 Cantebrigie‚
761 4184 795 4238 et
815 4175 947 4258 signata
969 4174 1032 4237 sub
1055 4172 1173 4257 sigillis
1194 4171 1262 4254 ,xij.
1279 4171 1481 4254 juratorum,

372 4293 405 4346 et
443 4277 553 4362 sigillo
588 4277 691 4360 ipsius
721 4277 937 4353 vicecomitis,
966 4277 1141 4340 videlicet:
1178 4276 1343 4359 Johannis
1375 4279 1481 4356 Mille,

370 4385 534 4470 Johannis
555 4383 712 4460 Bemard‚
733 4383 897 4466 Johannis
919 4384 949 4447 le
972 4383 1096 4460 Porter,
1113 4382 1273 4447 Willelmi
1291 4381 1323 4447 le
1346 4385 1482 4462 Macun,
