3192 5067
169 362 230 460 111]
382 361 617 460 mdowcdby
651 361 821 434 Wz‘llz'am
846 360 891 433 de
923 361 960 433 T
956 360 1050 433 hane
1204 380 1270 451 153

169 558 196 603 et
211 548 410 614 Bartholomei,
420 557 448 602 et
460 564 516 619 que
528 557 593 618 post
605 556 725 601 mortem
738 546 828 617 ipsius
843 546 963 600 isabelle
973 545 1010 599 ad
1021 544 1098 615 ipsos
1109 546 1275 599 Gonnoram

169 647 198 693 et
211 636 442 692 Bartholomeum
455 636 556 690 reuerti
569 635 713 702 deberent,
722 645 787 705 post
801 643 920 689 mortem
933 634 1021 704 ipsius
1037 633 1156 689 lsabeile
1168 633 1275 702 integre

168 733 333 778 remaneant
345 724 472 793 predicto
487 721 575 776 Priori
585 731 614 776 et
626 720 836 777 successoribus
847 720 905 775 suis
917 732 945 775 et
958 720 1077 775 ecclesie
1090 737 1140 775 sue
1150 720 1276 791 predicte

169 813 317 867 habendas
333 822 362 867 et
378 811 517 866 tenendas
535 809 663 880 predicto
677 809 764 864 Priori
778 819 807 864 et
820 810 1029 864 successoribus
1046 809 1105 863 suis
1118 819 1145 863 et
1158 809 1276 864 ecclesie

170 918 220 955 sue
238 900 363 971 predicte
381 899 417 954 de
435 899 604 968 capitalibus
624 898 747 953 dominis
766 898 843 952 feodi
865 898 937 952 iliius
951 914 1000 967 per
1022 897 1141 952 seruicia
1163 914 1218 967 que
1239 898 1277 951 ad

169 990 269 1044 eadem
283 997 446 1044 tenementa
457 987 599 1059 pertinent
612 988 809 1058 inperpetuum
822 996 874 1041 etc.

421 1240 471 1305 73.
517 1224 570 1288 De
589 1225 659 1289 dote
680 1222 813 1287 lsabella
834 1222 874 1285 de
900 1222 931 1285 T
927 1222 1016 1287 hane.

225 1375 262 1428 Et
284 1384 448 1444 preceptum
469 1384 513 1429 est
532 1373 691 1429 vicecomiti
713 1372 790 1444 quod
813 1372 909 1428 uenire
929 1372 1014 1426 faciat
1035 1371 1081 1425 hic
1101 1372 1147 1427 die
1166 1372 1277 1427 sabbati
1291 1381 1392 1422 anom-

171 1462 298 1532 proxima
310 1472 374 1532 post
391 1473 507 1517 octauas
524 1462 615 1516 sancti
631 1462 769 1530 Johannis
784 1459 908 1530 baptiste
925 1460 1067 1530 predictos
1079 1460 1238 1530 Johannem
1249 1470 1277 1516 et
1291 1429 1439 1523 gammo

173 1550 325 1604 isabellam
338 1551 375 1604 ad
389 1550 646 1620 recognoscendum
661 1560 712 1603 etc.
750 1548 796 1601 Ad
813 1564 897 1618 quem
914 1546 989 1601 diem
1006 1557 1143 1603 uenerunt
1160 1548 1278 1618 predicti

170 1635 316 1704 Johannes
329 1644 357 1689 et
373 1636 494 1689 lsabella
506 1645 534 1689 et
547 1635 643 1689 dicunt
656 1634 733 1705 quod
745 1632 799 1703 ipsi
810 1631 897 1686 nichil
908 1632 1033 1688 clamant
1046 1633 1073 1686 in
1087 1633 1220 1702 predictis
1230 1650 1279 1687 sex

171 1724 244 1777 acris
266 1733 339 1778 terre
358 1723 413 1777 nisi
435 1724 550 1777 nomine
570 1722 645 1777 dotis
665 1721 754 1792 ipsius
776 1721 895 1775 lsabelie
914 1731 942 1775 et
961 1738 1080 1791 quarum
1098 1722 1223 1775 reuersio
1241 1722 1278 1775 ad

172 1812 265 1881 ipsum
288 1811 413 1865 Priorem
434 1822 462 1866 et
485 1826 662 1865 successores
685 1826 751 1863 suos
773 1810 894 1880 pertinet
919 1818 982 1878 post
1008 1818 1127 1863 mortem
1152 1810 1278 1880 predicte

175 1901 302 1967 lsabelie,
320 1913 348 1955 et
367 1917 437 1970 quas
456 1917 505 1954 sex
523 1916 605 1954 acras
623 1900 699 1953 idem
718 1898 796 1952 Prior
814 1898 883 1952 alias
899 1898 1021 1953 reddidit
1039 1897 1091 1969 ipsi
1111 1899 1232 1953 lsabeiie
1248 1912 1278 1954 ut

172 1988 268 2042 dotem
292 2004 373 2041 suam
398 1997 449 2042 etc.
488 1988 526 2041 Et
550 1987 697 2041 sciendum
722 1987 798 2055 quod
823 1985 909 2039 iidem
933 1985 1077 2055 Johannes
1102 1996 1129 2040 et
1157 1988 1279 2042 lsabella

172 2076 299 2147 predicto
319 2077 408 2130 Priori
427 2076 591 2130 fidelitatem
610 2074 735 2130 iecerunt
754 2074 800 2128 hic
820 2074 848 2128 in
869 2074 954 2128 Curia
973 2073 1037 2128 etc.¹

195 2329 244 2394 74
288 2312 341 2377 Dc
360 2334 417 2376 sex
437 2314 557 2378 marcis
577 2313 666 2377 datis
687 2313 769 2378 dicte
794 2314 941 2377 Gonnore
954 2326 1017 2397 pro
1040 2316 1257 2397 recognitiom.

240 2467 496 2530 Memorandum
527 2468 617 2549 quod
649 2467 742 2530 Prior
778 2464 872 2530 dedit
909 2466 1018 2531 eidem
1050 2468 1208 2533 Gonnore
1245 2474 1410 2580 &iiiios

175 2571 412 2635 Bartholomeo
434 2592 496 2635 sex
520 2592 648 2636 marcas
669 2572 902 2654 sterlingorum
924 2573 956 2635 in
979 2572 1085 2637 forma
1106 2576 1217 2657 pacis;
1244 2584 1278 2639 et
1291 2589 1433 2682 3233?

173 2677 221 2739 sic
243 2676 354 2740 denuo
377 2676 527 2741 iecerunt
549 2678 815 2759 recognicionem
843 2696 954 2740 coram
979 2677 1170 2760 justiciarijs
1193 2681 1431 2782 sicutglffissn.

174 2782 360 2863 predictum
377 2792 435 2845 est.
481 2782 746 2864 Verumptamen
765 2781 858 2844 Prior
873 2782 971 2845 ualde
991 2778 1172 2865 prudenter
1190 2786 1278 2867 cogi·
1292 2789 1432 2881 3:¹ng

174 2886 269 2950 tabat
299 2889 388 2967 quod
420 2896 549 2951 tantam
581 2887 757 2969 pecuniam
788 2887 917 2950 soluere
948 2907 1013 2950 non
1042 2887 1196 2966 debebat,
1222 2890 1277 2953 ubi
1291 2889 1419 2982 ξξῗῃξῦψ·

174 2991 301 3053 nulium
318 2989 582 3055 emolumentum
600 2990 789 3072 recipiebat,
805 2999 840 3053 et
855 2990 932 3054 ideo
947 2991 1074 3054 dictum
1088 2991 1278 3074 Johannem

173 3093 217 3156 de
233 3092 394 3158 Grettone
409 3093 619 3175 capellanum
639 3094 822 3167 accersiuit,
837 3103 871 3158 et
893 3102 929 3157 ut
944 3092 1051 3157 dictas
1072 3116 1134 3159 sex
1151 3116 1279 3160 marcas

174 3198 378 3279 acquietaret
403 3197 586 3261 admonuit.
631 3196 799 3279 Alioquin,
826 3198 943 3280 inquit,
969 3207 1069 3261 totam
1096 3210 1218 3263 terram
1243 3201 1279 3265 in

175 3322 275 3364 mnu
298 3312 409 3365 nostra
431 3301 556 3383 capram
576 3322 737 3383 quousque
754 3301 803 3365 ad
822 3301 999 3365 valenciam
1019 3324 1075 3366 sex
1093 3325 1279 3369 marcarum

174 3406 250 3470 inde
272 3417 414 3487 recepero.
460 3404 556 3468 Tunc
577 3405 713 3487 quidem
735 3407 902 3488 predictus
923 3407 1114 3489 capellanus
1130 3412 1279 3475 terminis

175 3511 309 3574 statutis
332 3511 497 3594 predictas
520 3530 580 3573 sex
604 3531 733 3574 marcas
756 3512 944 3594 acquietare
965 3515 1164 3597 manucepit‚
1183 3527 1216 3579 et
1237 3517 1279 3579 de

175 3634 338 3678 consensu
362 3614 482 3677 Prioris
505 3635 565 3697 per
584 3624 650 3677 tres
672 3634 778 3678 annos
799 3635 820 3678 a
840 3614 1066 3680 celebracione
1086 3637 1147 3699 pro
1168 3620 1280 3685 anima

176 3717 256 3781 dicti
277 3716 425 3780 defuncti
446 3718 598 3793 cessauit,
618 3727 652 3779 et
672 3716 807 3780 aliunde
827 3718 1001 3781 seruicium
1023 3720 1095 3795 sibi,
1110 3741 1170 3803 per
1189 3724 1279 3803 quod

177 3822 288 3884 medio
299 3831 452 3904 tempore
461 3830 574 3903 posset
585 3820 969 3903 sustentariadquisiuit.
1008 3823 1054 3887 Et
1066 3825 1109 3887 de
1121 3825 1280 3891 fructibus

176 3947 219 3990 ex
248 3928 320 4008 ipsa
346 3936 433 3989 terra
459 3925 731 4008 prouenientibus
758 3926 930 4007 peridem
957 3936 1090 4011 tempus
1115 3931 1281 4012 predictas

175 4051 237 4094 sex
261 4050 389 4094 marcas
411 4031 625 4112 acquietauit.

226 4189 235 4221 ¹
252 4192 340 4241 Assize
357 4192 424 4251 Roll,
439 4192 489 4241 No.
508 4191 548 4251 86,
566 4190 672 4240 membr.
688 4190 714 4246 6,
726 4190 804 4239 dorso.
839 4190 894 4241 The
910 4192 1041 4258 transcript
1057 4193 1083 4242 in
1100 4210 1146 4245 our
1162 4196 1218 4247 MS.
1236 4197 1282 4249 has

176 4270 241 4319 been
257 4268 365 4318 colleted
380 4268 441 4317 witb
456 4267 499 4318 the
515 4268 583 4328 Roll,
597 4268 647 4317 and
663 4268 791 4317 corrected
808 4268 834 4317 in
845 4283 860 4317 a
871 4268 918 4317 few
930 4270 1022 4333 places.
1058 4272 1089 4320 in
1105 4274 1122 4323 1.
1135 4289 1149 4338 3
1165 4274 1208 4325 the
1225 4276 1283 4327 Roil

177 4350 250 4401 reads
266 4350 395 4399 Laderene
409 4350 442 4399 de
460 4350 575 4409 Graeci,
592 4350 643 4399 and
659 4350 686 4398 in
704 4348 764 4398 Roil
781 4352 822 4411 87,
839 4351 945 4399 membr.
965 4368 1002 4409 rr,
1017 4352 1052 4414 d.,
1067 4353 1110 4404 the
1126 4356 1208 4407 words
1225 4375 1282 4410 are:

177 4434 204 4483 la
214 4434 316 4497 Dreyne
327 4431 360 4483 de
371 4432 462 4482 Granti
472 4448 501 4481 or
512 4431 613 4482 Granci.
