3192 5067
348 368 417 441 150
491 348 645 445 Deposit
670 348 806 446 repaid
826 357 862 421 to
897 348 1067 423 Wllr'am
1092 348 1302 423 Mortimer
1327 343 1447 444 [soon

176 541 311 632 potesate
342 529 471 601 proxima
485 540 553 586 ante
569 530 743 586 dominicam
758 530 789 585 in
807 532 906 587 Ramis
923 532 1082 603 palmarum
1098 531 1226 603 proximo
1238 540 1356 585 ventura
1370 528 1446 599 apud

179 592 306 685 pyfrss‘m
345 620 460 674 Nouum
473 621 625 691 Templum
641 620 760 675 London
777 620 887 690 precise
903 620 1048 677 soluendis
1063 638 1099 675 ex
1116 619 1262 676 sentencia
1277 618 1401 691 precepti
1417 617 1445 671 in

177 693 330 795 {fflgffi
342 707 398 762 hiis
422 707 533 779 scriptis
557 708 811 779 condempnamus,
832 708 938 763 dictam
960 710 1135 765 sentenciam
1156 706 1332 763 exsecucioni
1353 704 1446 761 debite

178 792 329 885 iesimon.
343 794 433 850 forme
457 796 686 851 demandandam
710 814 776 851 cum
799 813 917 853 necesse
938 796 1021 853 fuerit
1043 797 1234 853 decernentes
1274 793 1446 850 Iniunximus

177 892 297 945 dayam
343 882 434 935 eciam
451 881 624 952 procuratori
643 880 712 937 dicti
729 882 908 952 promotoris,
927 882 1005 953 quod
1022 882 1069 937 die
1088 880 1231 936 dominica
1249 896 1345 935 coram
1366 878 1447 933 nobis

178 942 294 996 ΜΨ·
342 979 505 1039 compareat
523 970 587 1024 loco
604 986 661 1041 quo
679 970 757 1041 prius
772 970 990 1026 testamentuml
1002 969 1070 1026 dicti
1087 969 1220 1037 defuncti,
1233 985 1290 1023 vna
1305 984 1370 1021 cum
1388 983 1447 1037 pre-

342 1056 420 1112 dicta
435 1057 516 1113 litera
534 1057 709 1128 obligatoria,
727 1057 910 1126 exhibiturus,
927 1059 1090 1130 dictumque
1109 1058 1326 1113 instrumentum
1342 1054 1447 1123 obliga·

342 1145 445 1200 terium
458 1146 591 1217 predictis
604 1146 750 1217 religiosis,
763 1146 839 1203 facta
855 1148 982 1219 plenaria
998 1149 1142 1204 solucione
1159 1148 1234 1202 dicte
1250 1144 1377 1217 pecunie,
1390 1142 1448 1199 fore

342 1232 546 1290 restituendum
558 1235 750 1291 decernentes
789 1236 900 1305 Quibus
914 1236 1058 1291 sentencie
1070 1236 1184 1290 decreto
1201 1244 1229 1289 et
1247 1232 1358 1289 termini
1372 1241 1447 1285 ante·

342 1321 412 1377 dicti
430 1321 575 1392 prefixioni
594 1332 689 1395 partes
706 1323 774 1379 hinc
792 1322 860 1379 inde
878 1324 1083 1395 adquieuerunt
1101 1332 1128 1377 et
1147 1322 1264 1377 eosdem
1286 1329 1448 1389 acceptaue·

343 1420 415 1464 runt

398 1499 433 1553 ln
450 1499 534 1554 huius
557 1498 597 1554 rei
621 1499 815 1555 testimonium
839 1499 1018 1572 presentibus
1040 1499 1162 1570 sigillum
1184 1506 1311 1553 nostrum
1331 1495 1449 1550 lecimus

344 1587 457 1658 apponi.
493 1588 598 1643 Actum
615 1599 644 1644 et
662 1588 761 1644 datum
779 1588 826 1645 die
844 1590 907 1644 loco
925 1599 953 1645 et
971 1606 1047 1644 anno
1065 1587 1242 1660 supradictis.

386 1810 436 1890 69.
481 1808 535 1874 Dc
554 1810 671 1876 .xviii.
693 1810 816 1875 marcis
837 1810 983 1875 liberatis
1003 1808 1133 1873 domino
1165 1809 1208 1873 W
1210 1805 1353 1893 [illelmo]
1376 1806 1414 1869 de

775 1924 902 1979 mortuo
924 1914 1019 1978 mari.

179 2076 330 2179 ggffih'em
409 2067 530 2131 Postea
546 2067 636 2133 venit
651 2070 741 2151 apud
758 2068 1011 2151 Cantebrigiam
1026 2068 1182 2132 dominus
1197 2066 1386 2131 Willelmus
1406 2064 1448 2127 de

196 2176 294 2271 ‘lffiffm
345 2169 481 2234 Mortuo
498 2171 593 2249 Mari,
608 2174 744 2236 nomine
765 2174 845 2237 dicti
862 2173 1060 2249 executoris,
1076 2182 1109 2236 et
1127 2171 1271 2235 restituit
1287 2170 1390 2233 Priori
1406 2167 1449 2232 de

180 2278 319 2321 “Miner-
344 2274 545 2339 Bernewelle
571 2276 700 2340 literam
728 2296 824 2340 suam
851 2276 1095 2359 obligatoriam,
1121 2285 1155 2339 et
1182 2275 1306 2356 recepit
1336 2273 1379 2337 ab
1408 2292 1448 2335 eo

343 2377 526 2458 predictam
550 2380 737 2461 pecuniam,
759 2388 792 2443 et
816 2379 894 2443 fecit
917 2378 995 2442 inde
1015 2379 1280 2461 acquietanciam
1303 2378 1365 2441 sub
1384 2375 1448 2458 hijs

343 2479 453 2543 uerbis
465 2503 472 2543 ε

180 2647 279 2690 utere.
397 2632 546 2687 Uniuersis
564 2634 670 2689 Christi
688 2634 819 2690 fidelibus
838 2644 983 2705 presentes
1002 2634 1109 2690 litteras
1128 2632 1228 2689 visuris
1249 2634 1293 2688 uel
1312 2632 1448 2687 audituris

178 2698 316 2790 223⁰*
342 2721 500 2776 wilermus
521 2722 558 2777 de
581 2726 695 2778 Mortuo
718 2724 791 2778 Mari
814 2724 887 2781 finus
909 2723 1016 2779 domini
1040 2725 1155 2777 nubent
1178 2724 1214 2777 de
1238 2724 1351 2777 Mortuo
1375 2722 1447 2776 Mari

180 2798 313 2902 {372¹}ss
342 2809 583 2866 salutaminvero
595 2813 725 2867 salutare
765 2812 911 2866 Noueritis
926 2828 972 2867 me
990 2811 1288 2882 recepisseadomino
1307 2810 1403 2863 Priore
1419 2819 1447 2864 et

177 2915 242 2981 ⁵5⁶
342 2898 491 2953 Conuentu
511 2898 547 2954 de
570 2899 740 2955 Bernewelle
761 2900 965 2970 septemdecim
986 2915 1105 2967 marcas,
1127 2898 1258 2954 vndecim
1283 2896 1399 2963 solidos,
1419 2906 1447 2951 et

341 3001 390 3038 sex
410 2985 551 3040 denarios.
589 2986 650 3057 Que
675 2987 812 3057 peccunia
834 2988 917 3043 certis
938 2988 1123 3043 bellatoribus
1144 2987 1173 3041 in
1196 2984 1353 3041 subsidium
1375 2995 1448 3039 terre

341 3083 439 3128 sancte
451 3074 616 3144 profecturis
628 3075 657 3128 in
670 3085 841 3130 testamento
858 3074 965 3130 domini
984 3075 1103 3131 Gallridi
1121 3075 1157 3130 de
1176 3073 1279 3128 Bancis
1296 3072 1347 3127 fuit
1359 3072 1447 3141 assig-

341 3169 418 3227 nata,
429 3172 457 3215 et
470 3160 554 3216 dictis
566 3161 705 3232 religiosis
722 3162 760 3217 ad
776 3162 994 3218 custodiendum
1011 3162 1217 3218 commendata
1257 3163 1290 3215 ln
1309 3160 1388 3215 cuius
1407 3158 1447 3213 rei

341 3249 532 3303 testimonium
553 3250 677 3319 presenti
700 3249 805 3321 scripto
826 3251 950 3319 sigillum
968 3266 1063 3305 meum
1083 3250 1135 3305 leci
1154 3248 1259 3319 apponi
1277 3258 1306 3302 et
1324 3247 1446 3302 litteram

341 3350 422 3388 suam
441 3335 637 3405 obligatoriam
655 3336 696 3391 eis
714 3336 833 3392 restitui.
871 3338 978 3392 Datum
997 3336 1074 3407 apud
1087 3335 1297 3404 Cantebrigiam
1315 3334 1343 3388 in
1360 3333 1446 3389 domo

342 3420 472 3491 Magistri
502 3422 635 3478 Nicholai
665 3423 701 3478 de
725 3424 907 3494 Todingtone
931 3424 1006 3478 .xvi.
1032 3423 1087 3477 kal.
1112 3421 1210 3493 aprilis
1238 3438 1314 3475 anno
1339 3420 1445 3475 domini

340 3510 525 3565 m⁰.cc⁰.hoc
545 3509 666 3582 quinto².

407 3649 454 3713 Et
468 3649 639 3713 sciendum
656 3650 746 3731 quod
763 3650 911 3733 predicte
927 3650 1043 3713 .xviii.
1061 3670 1171 3715 marce
1187 3648 1318 3733 fuerunt
1339 3647 1446 3711 solute

340 3762 492 3835 tempore
507 3751 666 3834 Symonis
683 3752 812 3831 Primis
828 3752 953 3817 scilicet
968 3772 1057 3815 anno
1072 3751 1199 3815 domini
1221 3756 1283 3815 m⁰.
1294 3755 1358 3813 cc⁰.
1370 3749 1447 3811 lxx⁰

339 3857 466 3938 quinto,
482 3856 540 3919 sed
557 3866 652 3919 erant
667 3866 798 3939 recepte
814 3866 965 3939 tempore
987 3854 1161 3937 Laurencij
1181 3855 1300 3917 Prioris
1321 3851 1446 3915 scilicet

339 3980 428 4025 anno
443 3959 569 4023 domini
586 3966 648 4024 m⁰.
659 3965 725 4025 cc⁰.
741 3961 1027 4044 quinquagesimo
1065 3958 1185 4023 Vtrum
1199 3968 1310 4023 tamen
1324 3956 1446 4019 fuerint

338 4065 389 4128 his
405 4065 514 4127 solute
529 4064 668 4128 dubium
684 4064 754 4130 suit.

387 4250 397 4282 ¹
414 4250 565 4310 testamenti,
584 4252 642 4302 MS.

387 4332 399 4366 ¹
415 4334 447 4384 In
466 4333 529 4399 1276
545 4334 618 4384 Palm
634 4334 738 4401 Sunday
753 4336 796 4386 fell
812 4352 845 4385 on
863 4334 952 4385 March
969 4348 1010 4399 ap,
1025 4334 1076 4383 and
1093 4333 1136 4383 the
1152 4346 1244 4396 money
1255 4345 1307 4381 was
1323 4329 1446 4381 therefore

339 4428 383 4469 not
395 4419 454 4481 due,
466 4417 553 4482 hythe
565 4418 676 4469 decision
687 4420 716 4469 of
724 4420 767 4470 the
778 4420 865 4479 Court,
878 4418 943 4469 until
955 4435 984 4469 aa
998 4418 1095 4468 March.
