<?xml version="1.0" encoding="UTF-8"?>
<!DOCTYPE html PUBLIC "-//W3C//DTD XHTML 1.0 Transitional//EN"
    "http://www.w3.org/TR/xhtml1/DTD/xhtml1-transitional.dtd">
<html xmlns="http://www.w3.org/1999/xhtml" xml:lang="en" lang="en">
 <head>
  <title>
</title>
<meta http-equiv="Content-Type" content="text/html;charset=utf-8" />
  <meta name='ocr-system' content='tesseract 3.04.00' />
  <meta name='ocr-capabilities' content='ocr_page ocr_carea ocr_par ocr_line ocrx_word'/>
</head>
<body>
  <div class='ocr_page' id='page_1' title='image "./libermemorandor01clargoog/libermemorandor01clargoog_0194.png"; bbox 0 0 3192 5067; ppageno 0'>
   <div class='ocr_carea' id='block_1_1' title="bbox 345 325 1444 429">
    <p class='ocr_par' dir='ltr' id='par_1_1' title="bbox 345 325 1444 429">
     <span class='ocr_line' id='line_1_1' title="bbox 345 325 1444 429; baseline 0.003 -31"><span class='ocrx_word' id='word_1_1' title='bbox 345 332 413 398; x_wconf 88' lang='lat'>126</span> <span class='ocrx_word' id='word_1_2' title='bbox 549 326 730 425; x_wconf 72' lang='lat' dir='ltr'>Thesara</span> <span class='ocrx_word' id='word_1_3' title='bbox 753 325 946 426; x_wconf 81' lang='lat' dir='ltr'>ossames</span> <span class='ocrx_word' id='word_1_4' title='bbox 970 328 1031 401; x_wconf 81' lang='lat' dir='ltr'>the</span> <span class='ocrx_word' id='word_1_5' title='bbox 1060 327 1245 428; x_wconf 75' lang='lat' dir='ltr'>Chaploin</span> <span class='ocrx_word' id='word_1_6' title='bbox 1325 329 1444 429; x_wconf 76' lang='lat' dir='ltr'>[soon</span> 
     </span>
    </p>
   </div>
   <div class='ocr_carea' id='block_1_2' title="bbox 174 512 1444 1229">
    <p class='ocr_par' dir='ltr' id='par_1_2' title="bbox 174 512 1444 1229">
     <span class='ocr_line' id='line_1_2' title="bbox 338 512 1444 597; baseline 0.005 -24"><span class='ocrx_word' id='word_1_7' title='bbox 338 529 413 573; x_wconf 92' lang='lat' dir='ltr'>cum</span> <span class='ocrx_word' id='word_1_8' title='bbox 440 512 532 575; x_wconf 90' lang='lat' dir='ltr'>omni</span> <span class='ocrx_word' id='word_1_9' title='bbox 560 512 776 577; x_wconf 83' lang='lat' dir='ltr'>festinacione</span> <span class='ocrx_word' id='word_1_10' title='bbox 804 512 881 578; x_wconf 91' lang='lat' dir='ltr'>fecit</span> <span class='ocrx_word' id='word_1_11' title='bbox 910 513 1002 578; x_wconf 89' lang='lat' dir='ltr'>Prior</span> <span class='ocrx_word' id='word_1_12' title='bbox 1026 514 1137 597; x_wconf 86' lang='lat' dir='ltr'>ipsum</span> <span class='ocrx_word' id='word_1_13' title='bbox 1160 515 1325 597; x_wconf 88' lang='lat' dir='ltr'>Jacobum</span> <span class='ocrx_word' id='word_1_14' title='bbox 1348 516 1444 579; x_wconf 87' lang='lat' dir='ltr'>citari</span> 
     </span>
     <span class='ocr_line' id='line_1_3' title="bbox 337 614 1441 704; baseline 0.005 -26"><span class='ocrx_word' id='word_1_15' title='bbox 337 614 534 679; x_wconf 90' lang='lat' dir='ltr'>auctoritate</span> <span class='ocrx_word' id='word_1_16' title='bbox 555 615 720 682; x_wconf 88' lang='lat' dir='ltr'>dictarum</span> <span class='ocrx_word' id='word_1_17' title='bbox 742 618 921 683; x_wconf 89' lang='lat' dir='ltr'>literarum.</span> <span class='ocrx_word' id='word_1_18' title='bbox 965 619 1161 704; x_wconf 89' lang='lat' dir='ltr'>Vidensque</span> <span class='ocrx_word' id='word_1_19' title='bbox 1181 622 1327 704; x_wconf 75' lang='lat' dir='ltr'>jacobus</span> <span class='ocrx_word' id='word_1_20' title='bbox 1347 630 1381 685; x_wconf 90' lang='lat' dir='ltr'>et</span> <span class='ocrx_word' id='word_1_21' title='bbox 1396 620 1441 703; x_wconf 89' lang='lat' dir='ltr'>hij</span> 
     </span>
     <span class='ocr_line' id='line_1_4' title="bbox 337 717 1443 808; baseline 0.008 -29"><span class='ocrx_word' id='word_1_22' title='bbox 337 717 394 799; x_wconf 90' lang='lat' dir='ltr'>qui</span> <span class='ocrx_word' id='word_1_23' title='bbox 415 729 511 783; x_wconf 90' lang='lat' dir='ltr'>erant</span> <span class='ocrx_word' id='word_1_24' title='bbox 532 719 576 782; x_wconf 90' lang='lat' dir='ltr'>de</span> <span class='ocrx_word' id='word_1_25' title='bbox 595 720 735 785; x_wconf 90' lang='lat' dir='ltr'>consilio</span> <span class='ocrx_word' id='word_1_26' title='bbox 755 722 826 785; x_wconf 90' lang='lat' dir='ltr'>eius</span> <span class='ocrx_word' id='word_1_27' title='bbox 846 722 935 804; x_wconf 88' lang='lat' dir='ltr'>ipsas</span> <span class='ocrx_word' id='word_1_28' title='bbox 951 723 1189 806; x_wconf 89' lang='lat' dir='ltr'>appellacionis</span> <span class='ocrx_word' id='word_1_29' title='bbox 1206 726 1318 791; x_wconf 87' lang='lat' dir='ltr'>literas</span> <span class='ocrx_word' id='word_1_30' title='bbox 1334 725 1443 808; x_wconf 86' lang='lat' dir='ltr'>sigillo</span> 
     </span>
     <span class='ocr_line' id='line_1_5' title="bbox 337 822 1443 914; baseline 0.006 -27"><span class='ocrx_word' id='word_1_31' title='bbox 337 822 464 887; x_wconf 89' lang='lat' dir='ltr'>domini</span> <span class='ocrx_word' id='word_1_32' title='bbox 482 823 602 906; x_wconf 82' lang='lat' dir='ltr'><strong>Legati</strong></span> <span class='ocrx_word' id='word_1_33' title='bbox 617 826 776 908; x_wconf 82' lang='lat' dir='ltr'>signatas,</span> <span class='ocrx_word' id='word_1_34' title='bbox 789 828 1006 893; x_wconf 89' lang='lat' dir='ltr'>uehementer</span> <span class='ocrx_word' id='word_1_35' title='bbox 1019 830 1266 914; x_wconf 89' lang='lat' dir='ltr'>obstupuerunt</span> <span class='ocrx_word' id='word_1_36' title='bbox 1277 833 1443 897; x_wconf 90' lang='lat' dir='ltr'>dicentes:</span> 
     </span>
     <span class='ocr_line' id='line_1_6' title="bbox 337 927 1294 1013; baseline 0.011 -23"><span class='ocrx_word' id='word_1_37' title='bbox 337 927 596 1010; x_wconf 74' lang='lat' dir='ltr'>Nuncijprioris</span> <span class='ocrx_word' id='word_1_38' title='bbox 608 931 730 1013; x_wconf 80' lang='lat' dir='ltr'>aquilis</span> <span class='ocrx_word' id='word_1_39' title='bbox 744 932 818 997; x_wconf 76' lang='lat' dir='ltr'>bene</span> <span class='ocrx_word' id='word_1_40' title='bbox 832 934 1016 998; x_wconf 82' lang='lat' dir='ltr'>uolantibus</span> <span class='ocrx_word' id='word_1_41' title='bbox 1029 945 1108 999; x_wconf 85' lang='lat' dir='ltr'>sunt</span> <span class='ocrx_word' id='word_1_42' title='bbox 1121 938 1294 1002; x_wconf 81' lang='lat' dir='ltr'>uelocr&#39;ores.</span> 
     </span>
     <span class='ocr_line' id='line_1_7' title="bbox 174 1034 1444 1119; baseline 0.009 -25"><span class='ocrx_word' id='word_1_43' title='bbox 174 1064 227 1108; x_wconf 63' lang='lat' dir='ltr'>Th.</span> <span class='ocrx_word' id='word_1_44' title='bbox 404 1034 577 1098; x_wconf 90' lang='lat' dir='ltr'>Predictus</span> <span class='ocrx_word' id='word_1_45' title='bbox 603 1058 682 1100; x_wconf 91' lang='lat' dir='ltr'>uero</span> <span class='ocrx_word' id='word_1_46' title='bbox 708 1038 854 1119; x_wconf 88' lang='lat' dir='ltr'>Jacobus</span> <span class='ocrx_word' id='word_1_47' title='bbox 880 1039 1059 1104; x_wconf 83' lang='lat' dir='ltr'>defendere</span> <span class='ocrx_word' id='word_1_48' title='bbox 1086 1061 1122 1105; x_wconf 90' lang='lat' dir='ltr'>se</span> <span class='ocrx_word' id='word_1_49' title='bbox 1148 1043 1299 1106; x_wconf 88' lang='lat' dir='ltr'>nesciens</span> <span class='ocrx_word' id='word_1_50' title='bbox 1328 1051 1444 1107; x_wconf 85' lang='lat' dir='ltr'>contra</span> 
     </span>
     <span class='ocr_line' id='line_1_8' title="bbox 174 1115 1443 1229; baseline 0.009 -30"><span class='ocrx_word' id='word_1_51' title='bbox 174 1115 304 1208; x_wconf 45' lang='grc' dir='ltr'>ἓξὲξ.</span> <span class='ocrx_word' id='word_1_52' title='bbox 338 1137 528 1202; x_wconf 91' lang='lat' dir='ltr'>huiusmodi</span> <span class='ocrx_word' id='word_1_53' title='bbox 550 1141 709 1217; x_wconf 89' lang='lat' dir='ltr'>cautelas,</span> <span class='ocrx_word' id='word_1_54' title='bbox 729 1142 814 1206; x_wconf 90' lang='lat' dir='ltr'>infra</span> <span class='ocrx_word' id='word_1_55' title='bbox 839 1163 964 1224; x_wconf 89' lang='lat' dir='ltr'>paucos</span> <span class='ocrx_word' id='word_1_56' title='bbox 986 1144 1067 1223; x_wconf 90' lang='lat' dir='ltr'>dies,</span> <span class='ocrx_word' id='word_1_57' title='bbox 1090 1156 1225 1229; x_wconf 90' lang='lat' dir='ltr'>propter</span> <span class='ocrx_word' id='word_1_58' title='bbox 1247 1166 1342 1210; x_wconf 88' lang='lat' dir='ltr'>suam</span> <span class='ocrx_word' id='word_1_59' title='bbox 1366 1166 1443 1210; x_wconf 93' lang='lat' dir='ltr'>con-</span> 
     </span>
    </p>
   </div>
   <div class='ocr_carea' id='block_1_3' title="bbox 173 1216 1444 3313">
    <p class='ocr_par' dir='ltr' id='par_1_3' title="bbox 173 1216 1443 1542">
     <span class='ocr_line' id='line_1_9' title="bbox 173 1216 1443 1327; baseline 0.009 -22"><span class='ocrx_word' id='word_1_60' title='bbox 173 1216 324 1261; x_wconf 68' lang='lat'>¹³”⁸¹“¹‘⁶&#39;</span> <span class='ocrx_word' id='word_1_61' title='bbox 337 1244 518 1307; x_wconf 88' lang='lat' dir='ltr'>tumaciam</span> <span class='ocrx_word' id='word_1_62' title='bbox 534 1246 658 1327; x_wconf 87' lang='lat' dir='ltr'>pariter</span> <span class='ocrx_word' id='word_1_63' title='bbox 672 1255 706 1309; x_wconf 90' lang='lat' dir='ltr'>et</span> <span class='ocrx_word' id='word_1_64' title='bbox 717 1247 889 1325; x_wconf 84' lang='lat' dir='ltr'>offensam,</span> <span class='ocrx_word' id='word_1_65' title='bbox 902 1250 1262 1315; x_wconf 86' lang='lat' dir='ltr'>excommunicacionis</span> <span class='ocrx_word' id='word_1_66' title='bbox 1274 1252 1443 1315; x_wconf 90' lang='lat' dir='ltr'>sentencia</span> 
     </span>
     <span class='ocr_line' id='line_1_10' title="bbox 277 1349 1443 1439; baseline 0.008 -29"><span class='ocrx_word' id='word_1_67' title='bbox 277 1352 282 1360; x_wconf 86' lang='lat'><em>&#39;</em></span> <span class='ocrx_word' id='word_1_68' title='bbox 337 1357 388 1411; x_wconf 88' lang='lat' dir='ltr'>est</span> <span class='ocrx_word' id='word_1_69' title='bbox 409 1349 595 1413; x_wconf 88' lang='lat' dir='ltr'>innodatus.</span> <span class='ocrx_word' id='word_1_70' title='bbox 643 1351 682 1413; x_wconf 94' lang='lat' dir='ltr'>ln</span> <span class='ocrx_word' id='word_1_71' title='bbox 704 1371 772 1433; x_wconf 88' lang='lat' dir='ltr'>qua</span> <span class='ocrx_word' id='word_1_72' title='bbox 787 1354 968 1435; x_wconf 89' lang='lat' dir='ltr'>persistens</span> <span class='ocrx_word' id='word_1_73' title='bbox 983 1376 1043 1438; x_wconf 92' lang='lat' dir='ltr'>per</span> <span class='ocrx_word' id='word_1_74' title='bbox 1058 1354 1129 1419; x_wconf 92' lang='lat' dir='ltr'>dies</span> <span class='ocrx_word' id='word_1_75' title='bbox 1145 1356 1367 1439; x_wconf 84' lang='lat' dir='ltr'>quadraginta</span> <span class='ocrx_word' id='word_1_76' title='bbox 1382 1376 1443 1419; x_wconf 91' lang='lat' dir='ltr'>nec</span> 
     </span>
     <span class='ocr_line' id='line_1_11' title="bbox 336 1452 1441 1542; baseline 0.007 -27"><span class='ocrx_word' id='word_1_77' title='bbox 336 1452 519 1535; x_wconf 89' lang='lat' dir='ltr'>appellauit</span> <span class='ocrx_word' id='word_1_78' title='bbox 542 1476 603 1519; x_wconf 92' lang='lat' dir='ltr'>nec</span> <span class='ocrx_word' id='word_1_79' title='bbox 625 1455 823 1521; x_wconf 87' lang='lat' dir='ltr'>beneficium</span> <span class='ocrx_word' id='word_1_80' title='bbox 847 1457 1069 1523; x_wconf 88' lang='lat' dir='ltr'>absolucionis</span> <span class='ocrx_word' id='word_1_81' title='bbox 1096 1460 1296 1542; x_wconf 86' lang='lat' dir='ltr'>impetrauit</span> <span class='ocrx_word' id='word_1_82' title='bbox 1342 1457 1441 1540; x_wconf 84' lang='lat' dir='ltr'>Quod</span> 
     </span>
    </p>

    <p class='ocr_par' dir='ltr' id='par_1_4' title="bbox 336 1558 1443 1645">
     <span class='ocr_line' id='line_1_12' title="bbox 336 1558 1443 1645; baseline 0.005 -24"><span class='ocrx_word' id='word_1_83' title='bbox 336 1558 455 1623; x_wconf 90' lang='lat' dir='ltr'>uidens</span> <span class='ocrx_word' id='word_1_84' title='bbox 486 1560 579 1623; x_wconf 87' lang='lat' dir='ltr'>Prior</span> <span class='ocrx_word' id='word_1_85' title='bbox 613 1560 656 1624; x_wconf 93' lang='lat' dir='ltr'>ab</span> <span class='ocrx_word' id='word_1_86' title='bbox 691 1563 850 1645; x_wconf 90' lang='lat' dir='ltr'>episcopo</span> <span class='ocrx_word' id='word_1_87' title='bbox 882 1563 1100 1645; x_wconf 90' lang='lat' dir='ltr'>Norwycenci</span> <span class='ocrx_word' id='word_1_88' title='bbox 1131 1564 1242 1628; x_wconf 86' lang='lat' dir='ltr'>literas</span> <span class='ocrx_word' id='word_1_89' title='bbox 1275 1563 1443 1645; x_wconf 88' lang='lat' dir='ltr'>capcionis</span> 
     </span>
    </p>

    <p class='ocr_par' dir='ltr' id='par_1_5' title="bbox 260 1663 1441 1751">
     <span class='ocr_line' id='line_1_13' title="bbox 260 1663 1441 1751; baseline 0.008 -29"><span class='ocrx_word' id='word_1_90' title='bbox 260 1671 277 1724; x_wconf 79' lang='lat' dir='ltr'>f.</span> <span class='ocrx_word' id='word_1_91' title='bbox 292 1684 323 1736; x_wconf 85' lang='lat'>4⁷</span> <span class='ocrx_word' id='word_1_92' title='bbox 337 1663 490 1745; x_wconf 91' lang='lat' dir='ltr'>optinuit.</span> <span class='ocrx_word' id='word_1_93' title='bbox 536 1664 627 1748; x_wconf 85' lang='lat' dir='ltr'>Quid</span> <span class='ocrx_word' id='word_1_94' title='bbox 644 1665 762 1748; x_wconf 87' lang='lat' dir='ltr'>plura?</span> <span class='ocrx_word' id='word_1_95' title='bbox 809 1665 888 1729; x_wconf 89' lang='lat' dir='ltr'>Post</span> <span class='ocrx_word' id='word_1_96' title='bbox 904 1667 976 1731; x_wconf 90' lang='lat' dir='ltr'>dies</span> <span class='ocrx_word' id='word_1_97' title='bbox 991 1668 1120 1751; x_wconf 88' lang='lat' dir='ltr'>aliquot</span> <span class='ocrx_word' id='word_1_98' title='bbox 1136 1668 1227 1732; x_wconf 91' lang='lat' dir='ltr'>uenit</span> <span class='ocrx_word' id='word_1_99' title='bbox 1243 1667 1383 1731; x_wconf 92' lang='lat' dir='ltr'>nuncius</span> <span class='ocrx_word' id='word_1_100' title='bbox 1399 1668 1441 1731; x_wconf 90' lang='lat' dir='ltr'>ad</span> 
     </span>
    </p>

    <p class='ocr_par' dir='ltr' id='par_1_6' title="bbox 173 1767 1444 2269">
     <span class='ocr_line' id='line_1_14' title="bbox 174 1767 1442 1886; baseline 0.005 -57"><span class='ocrx_word' id='word_1_101' title='bbox 174 1794 237 1886; x_wconf 47' lang='lat' dir='ltr'><em>Q</em></span> <span class='ocrx_word' id='word_1_102' title='bbox 252 1844 299 1886; x_wconf 49' lang='lat' dir='ltr'>hed</span> <span class='ocrx_word' id='word_1_103' title='bbox 338 1767 484 1831; x_wconf 85' lang='lat' dir='ltr'>Priorem</span> <span class='ocrx_word' id='word_1_104' title='bbox 506 1769 562 1851; x_wconf 92' lang='lat' dir='ltr'>qui</span> <span class='ocrx_word' id='word_1_105' title='bbox 584 1769 708 1834; x_wconf 89' lang='lat' dir='ltr'>diceret</span> <span class='ocrx_word' id='word_1_106' title='bbox 728 1792 765 1835; x_wconf 92' lang='lat' dir='ltr'>se</span> <span class='ocrx_word' id='word_1_107' title='bbox 785 1770 909 1835; x_wconf 86' lang='lat' dir='ltr'>uidisse</span> <span class='ocrx_word' id='word_1_108' title='bbox 924 1772 1086 1854; x_wconf 91' lang='lat' dir='ltr'>Jacobum</span> <span class='ocrx_word' id='word_1_109' title='bbox 1103 1773 1313 1856; x_wconf 81' lang='lat' dir='ltr'>capellanum</span> <span class='ocrx_word' id='word_1_110' title='bbox 1330 1772 1442 1836; x_wconf 91' lang='lat' dir='ltr'>deam-</span> 
     </span>
     <span class='ocr_line' id='line_1_15' title="bbox 174 1857 1443 1989; baseline 0.003 -53"><span class='ocrx_word' id='word_1_111' title='bbox 174 1857 291 1989; x_wconf 57' lang='lat' dir='ltr'>gngrim</span> <span class='ocrx_word' id='word_1_112' title='bbox 337 1870 508 1935; x_wconf 91' lang='lat' dir='ltr'>bulantem</span> <span class='ocrx_word' id='word_1_113' title='bbox 545 1873 578 1936; x_wconf 90' lang='lat' dir='ltr'>in</span> <span class='ocrx_word' id='word_1_114' title='bbox 613 1872 733 1956; x_wconf 86' lang='lat' dir='ltr'>plateis</span> <span class='ocrx_word' id='word_1_115' title='bbox 770 1874 991 1959; x_wconf 77' lang='lat' dir='ltr'>cantebrigia,</span> <span class='ocrx_word' id='word_1_116' title='bbox 1021 1886 1055 1940; x_wconf 91' lang='lat' dir='ltr'>et</span> <span class='ocrx_word' id='word_1_117' title='bbox 1088 1878 1203 1941; x_wconf 91' lang='lat' dir='ltr'>statim</span> <span class='ocrx_word' id='word_1_118' title='bbox 1240 1875 1329 1941; x_wconf 87' lang='lat' dir='ltr'>misit</span> <span class='ocrx_word' id='word_1_119' title='bbox 1358 1878 1443 1940; x_wconf 91' lang='lat' dir='ltr'>duos</span> 
     </span>
     <span class='ocr_line' id='line_1_16' title="bbox 173 1957 1442 2063; baseline 0.005 -26"><span class='ocrx_word' id='word_1_120' title='bbox 173 1957 267 2047; x_wconf 59' lang='lat' dir='ltr'>tilde.</span> <span class='ocrx_word' id='word_1_121' title='bbox 337 1976 515 2039; x_wconf 89' lang='lat' dir='ltr'>canonicos</span> <span class='ocrx_word' id='word_1_122' title='bbox 543 1997 710 2042; x_wconf 89' lang='lat' dir='ltr'>unacum</span> <span class='ocrx_word' id='word_1_123' title='bbox 738 1978 897 2043; x_wconf 90' lang='lat' dir='ltr'>ministris</span> <span class='ocrx_word' id='word_1_124' title='bbox 922 1980 1126 2044; x_wconf 89' lang='lat' dir='ltr'>vicecomitis</span> <span class='ocrx_word' id='word_1_125' title='bbox 1156 1981 1199 2045; x_wconf 90' lang='lat' dir='ltr'>ad</span> <span class='ocrx_word' id='word_1_126' title='bbox 1226 1979 1442 2063; x_wconf 88' lang='lat' dir='ltr'>comprehen-</span> 
     </span>
     <span class='ocr_line' id='line_1_17' title="bbox 336 2079 1443 2167; baseline 0.004 -24"><span class='ocrx_word' id='word_1_127' title='bbox 336 2079 485 2144; x_wconf 88' lang='lat' dir='ltr'>dendum</span> <span class='ocrx_word' id='word_1_128' title='bbox 506 2101 591 2144; x_wconf 91' lang='lat' dir='ltr'>eum.</span> <span class='ocrx_word' id='word_1_129' title='bbox 639 2084 919 2167; x_wconf 90' lang='lat' dir='ltr'>Inuenientesque</span> <span class='ocrx_word' id='word_1_130' title='bbox 940 2104 1014 2147; x_wconf 91' lang='lat' dir='ltr'>eum</span> <span class='ocrx_word' id='word_1_131' title='bbox 1032 2084 1303 2148; x_wconf 89' lang='lat' dir='ltr'>deambulantem</span> <span class='ocrx_word' id='word_1_132' title='bbox 1319 2085 1354 2147; x_wconf 91' lang='lat' dir='ltr'>in</span> <span class='ocrx_word' id='word_1_133' title='bbox 1369 2084 1443 2147; x_wconf 91' lang='lat' dir='ltr'>vico</span> 
     </span>
     <span class='ocr_line' id='line_1_18' title="bbox 335 2183 1444 2269; baseline 0.003 -22"><span class='ocrx_word' id='word_1_134' title='bbox 335 2183 528 2266; x_wconf 91' lang='lat' dir='ltr'>Judeorum‚</span> <span class='ocrx_word' id='word_1_135' title='bbox 541 2187 653 2249; x_wconf 89' lang='lat' dir='ltr'>conati</span> <span class='ocrx_word' id='word_1_136' title='bbox 669 2196 747 2251; x_wconf 93' lang='lat' dir='ltr'>sunt</span> <span class='ocrx_word' id='word_1_137' title='bbox 762 2207 839 2251; x_wconf 91' lang='lat' dir='ltr'>eum</span> <span class='ocrx_word' id='word_1_138' title='bbox 857 2188 1114 2269; x_wconf 89' lang='lat' dir='ltr'>apprehendere.</span> <span class='ocrx_word' id='word_1_139' title='bbox 1144 2188 1194 2253; x_wconf 91' lang='lat' dir='ltr'>At</span> <span class='ocrx_word' id='word_1_140' title='bbox 1210 2188 1272 2265; x_wconf 89' lang='lat' dir='ltr'>ille,</span> <span class='ocrx_word' id='word_1_141' title='bbox 1285 2188 1444 2251; x_wconf 91' lang='lat' dir='ltr'>uelociter</span> 
     </span>
    </p>

    <p class='ocr_par' dir='ltr' id='par_1_7' title="bbox 337 2290 1442 2376">
     <span class='ocr_line' id='line_1_19' title="bbox 337 2290 1442 2376; baseline 0.004 -25"><span class='ocrx_word' id='word_1_142' title='bbox 337 2308 479 2365; x_wconf 89' lang='lat' dir='ltr'>currens,</span> <span class='ocrx_word' id='word_1_143' title='bbox 500 2290 585 2372; x_wconf 86' lang='lat' dir='ltr'>fugit</span> <span class='ocrx_word' id='word_1_144' title='bbox 608 2311 712 2374; x_wconf 89' lang='lat' dir='ltr'>usque</span> <span class='ocrx_word' id='word_1_145' title='bbox 735 2291 768 2356; x_wconf 95' lang='lat' dir='ltr'>in</span> <span class='ocrx_word' id='word_1_146' title='bbox 791 2292 965 2355; x_wconf 89' lang='lat' dir='ltr'>ecclesiam</span> <span class='ocrx_word' id='word_1_147' title='bbox 988 2291 1126 2363; x_wconf 82' lang='lat' dir='ltr'>fratrum</span> <span class='ocrx_word' id='word_1_148' title='bbox 1149 2292 1326 2356; x_wconf 91' lang='lat' dir='ltr'>Minorum.</span> <span class='ocrx_word' id='word_1_149' title='bbox 1374 2291 1442 2376; x_wconf 95' lang='lat' dir='ltr'>lpsi</span> 
     </span>
    </p>

    <p class='ocr_par' dir='ltr' id='par_1_8' title="bbox 338 2394 1442 2477">
     <span class='ocr_line' id='line_1_20' title="bbox 338 2394 1442 2477; baseline 0.002 -20"><span class='ocrx_word' id='word_1_150' title='bbox 338 2414 426 2469; x_wconf 88' lang='lat' dir='ltr'>uer0,</span> <span class='ocrx_word' id='word_1_151' title='bbox 441 2394 653 2477; x_wconf 90' lang='lat' dir='ltr'>insequentes</span> <span class='ocrx_word' id='word_1_152' title='bbox 675 2417 761 2473; x_wconf 91' lang='lat' dir='ltr'>eum,</span> <span class='ocrx_word' id='word_1_153' title='bbox 778 2406 979 2461; x_wconf 90' lang='lat' dir='ltr'>monuerunt</span> <span class='ocrx_word' id='word_1_154' title='bbox 997 2405 1035 2460; x_wconf 91' lang='lat' dir='ltr'>ut</span> <span class='ocrx_word' id='word_1_155' title='bbox 1049 2398 1157 2461; x_wconf 83' lang='lat' dir='ltr'>exiret</span> <span class='ocrx_word' id='word_1_156' title='bbox 1173 2406 1207 2460; x_wconf 92' lang='lat' dir='ltr'>et</span> <span class='ocrx_word' id='word_1_157' title='bbox 1223 2397 1351 2461; x_wconf 88' lang='lat' dir='ltr'>ueniret</span> <span class='ocrx_word' id='word_1_158' title='bbox 1366 2416 1442 2461; x_wconf 91' lang='lat' dir='ltr'>cum</span> 
     </span>
    </p>

    <p class='ocr_par' dir='ltr' id='par_1_9' title="bbox 337 2498 1443 2791">
     <span class='ocr_line' id='line_1_21' title="bbox 337 2498 1442 2583; baseline 0.004 -22"><span class='ocrx_word' id='word_1_159' title='bbox 337 2499 392 2562; x_wconf 90' lang='lat' dir='ltr'>eis.</span> <span class='ocrx_word' id='word_1_160' title='bbox 432 2498 499 2564; x_wconf 92' lang='lat' dir='ltr'>Sed</span> <span class='ocrx_word' id='word_1_161' title='bbox 516 2498 570 2563; x_wconf 91' lang='lat' dir='ltr'>ille</span> <span class='ocrx_word' id='word_1_162' title='bbox 585 2502 701 2565; x_wconf 91' lang='lat' dir='ltr'>renuit.</span> <span class='ocrx_word' id='word_1_163' title='bbox 738 2499 791 2565; x_wconf 91' lang='lat' dir='ltr'>llli</span> <span class='ocrx_word' id='word_1_164' title='bbox 807 2502 967 2565; x_wconf 86' lang='lat' dir='ltr'>dixerunt</span> <span class='ocrx_word' id='word_1_165' title='bbox 983 2501 1138 2565; x_wconf 86' lang='lat' dir='ltr'>fratribus</span> <span class='ocrx_word' id='word_1_166' title='bbox 1155 2500 1340 2565; x_wconf 90' lang='lat' dir='ltr'>Minoribus</span> <span class='ocrx_word' id='word_1_167' title='bbox 1351 2500 1442 2583; x_wconf 89' lang='lat' dir='ltr'>quod</span> 
     </span>
     <span class='ocr_line' id='line_1_22' title="bbox 337 2604 1443 2689; baseline 0.002 -22"><span class='ocrx_word' id='word_1_168' title='bbox 337 2615 531 2669; x_wconf 90' lang='lat' dir='ltr'>amouerent</span> <span class='ocrx_word' id='word_1_169' title='bbox 558 2626 644 2682; x_wconf 90' lang='lat' dir='ltr'>eum,</span> <span class='ocrx_word' id='word_1_170' title='bbox 666 2627 707 2670; x_wconf 91' lang='lat' dir='ltr'>eo</span> <span class='ocrx_word' id='word_1_171' title='bbox 734 2606 824 2689; x_wconf 93' lang='lat' dir='ltr'>quod</span> <span class='ocrx_word' id='word_1_172' title='bbox 849 2608 1160 2671; x_wconf 83' lang='lat' dir='ltr'>excommunicatus</span> <span class='ocrx_word' id='word_1_173' title='bbox 1184 2614 1278 2670; x_wconf 90' lang='lat' dir='ltr'>esset.</span> <span class='ocrx_word' id='word_1_174' title='bbox 1323 2605 1372 2669; x_wconf 92' lang='lat' dir='ltr'>At</span> <span class='ocrx_word' id='word_1_175' title='bbox 1396 2604 1443 2669; x_wconf 92' lang='lat' dir='ltr'>illi</span> 
     </span>
     <span class='ocr_line' id='line_1_23' title="bbox 337 2706 1443 2791; baseline 0.005 -23"><span class='ocrx_word' id='word_1_176' title='bbox 337 2706 513 2772; x_wconf 90' lang='lat' dir='ltr'>dixerunt:</span> <span class='ocrx_word' id='word_1_177' title='bbox 545 2708 589 2773; x_wconf 86' lang='lat' dir='ltr'>Si</span> <span class='ocrx_word' id='word_1_178' title='bbox 612 2709 725 2772; x_wconf 63' lang='lat' dir='ltr'>secatis</span> <span class='ocrx_word' id='word_1_179' title='bbox 749 2710 856 2790; x_wconf 81' lang='lat' dir='ltr'>ipsum</span> <span class='ocrx_word' id='word_1_180' title='bbox 882 2711 1189 2774; x_wconf 80' lang='lat' dir='ltr'>excommunicatum</span> <span class='ocrx_word' id='word_1_181' title='bbox 1213 2730 1284 2787; x_wconf 82' lang='lat' dir='ltr'>esse,</span> <span class='ocrx_word' id='word_1_182' title='bbox 1299 2710 1443 2791; x_wconf 59' lang='lat' dir='ltr'>sacratis</span> 
     </span>
    </p>

    <p class='ocr_par' dir='ltr' id='par_1_10' title="bbox 338 2811 1444 2895">
     <span class='ocr_line' id='line_1_24' title="bbox 338 2811 1444 2895; baseline 0.003 -22"><span class='ocrx_word' id='word_1_183' title='bbox 338 2830 395 2873; x_wconf 84' lang='lat' dir='ltr'>uos</span> <span class='ocrx_word' id='word_1_184' title='bbox 416 2811 504 2893; x_wconf 82' lang='lat' dir='ltr'>quod</span> <span class='ocrx_word' id='word_1_185' title='bbox 521 2812 673 2877; x_wconf 60' lang='lat' dir='ltr'>uideritne</span> <span class='ocrx_word' id='word_1_186' title='bbox 693 2813 844 2895; x_wconf 78' lang='lat' dir='ltr'>expedire.</span> <span class='ocrx_word' id='word_1_187' title='bbox 893 2812 945 2877; x_wconf 89' lang='lat' dir='ltr'>llli</span> <span class='ocrx_word' id='word_1_188' title='bbox 968 2834 1048 2877; x_wconf 89' lang='lat' dir='ltr'>uero</span> <span class='ocrx_word' id='word_1_189' title='bbox 1068 2814 1239 2878; x_wconf 87' lang='lat' dir='ltr'>uenientes</span> <span class='ocrx_word' id='word_1_190' title='bbox 1260 2814 1444 2878; x_wconf 91' lang='lat' dir='ltr'>iniecerunt</span> 
     </span>
    </p>

    <p class='ocr_par' dir='ltr' id='par_1_11' title="bbox 337 2916 1442 3210">
     <span class='ocr_line' id='line_1_25' title="bbox 338 2916 1442 3001; baseline 0.004 -24"><span class='ocrx_word' id='word_1_191' title='bbox 338 2935 457 2979; x_wconf 89' lang='lat' dir='ltr'>manus</span> <span class='ocrx_word' id='word_1_192' title='bbox 484 2916 517 2979; x_wconf 93' lang='lat' dir='ltr'>in</span> <span class='ocrx_word' id='word_1_193' title='bbox 543 2936 630 2994; x_wconf 90' lang='lat' dir='ltr'>eum,</span> <span class='ocrx_word' id='word_1_194' title='bbox 654 2926 688 2981; x_wconf 92' lang='lat' dir='ltr'>et</span> <span class='ocrx_word' id='word_1_195' title='bbox 715 2928 938 2982; x_wconf 87' lang='lat' dir='ltr'>extraxerunt</span> <span class='ocrx_word' id='word_1_196' title='bbox 965 2939 1024 3001; x_wconf 90' lang='lat' dir='ltr'>per</span> <span class='ocrx_word' id='word_1_197' title='bbox 1048 2918 1150 3001; x_wconf 92' lang='lat' dir='ltr'>pedes</span> <span class='ocrx_word' id='word_1_198' title='bbox 1173 2917 1386 2995; x_wconf 88' lang='lat' dir='ltr'>deecclesia,</span> <span class='ocrx_word' id='word_1_199' title='bbox 1409 2926 1442 2981; x_wconf 88' lang='lat' dir='ltr'>et</span> 
     </span>
     <span class='ocr_line' id='line_1_26' title="bbox 338 3020 1442 3107; baseline 0.004 -26"><span class='ocrx_word' id='word_1_200' title='bbox 338 3030 519 3101; x_wconf 91' lang='lat' dir='ltr'>posuerunt</span> <span class='ocrx_word' id='word_1_201' title='bbox 549 3043 626 3086; x_wconf 89' lang='lat' dir='ltr'>eum</span> <span class='ocrx_word' id='word_1_202' title='bbox 659 3024 693 3085; x_wconf 91' lang='lat' dir='ltr'>in</span> <span class='ocrx_word' id='word_1_203' title='bbox 723 3044 897 3087; x_wconf 90' lang='lat' dir='ltr'>carcerem.</span> <span class='ocrx_word' id='word_1_204' title='bbox 960 3023 1078 3107; x_wconf 90' lang='lat' dir='ltr'>Ibique</span> <span class='ocrx_word' id='word_1_205' title='bbox 1109 3020 1267 3088; x_wconf 89' lang='lat' dir='ltr'>remansit</span> <span class='ocrx_word' id='word_1_206' title='bbox 1297 3021 1442 3085; x_wconf 89' lang='lat' dir='ltr'>inclusus</span> 
     </span>
     <span class='ocr_line' id='line_1_27' title="bbox 337 3125 1442 3210; baseline 0.002 -23"><span class='ocrx_word' id='word_1_207' title='bbox 337 3142 510 3207; x_wconf 88' lang='lat' dir='ltr'>quousque</span> <span class='ocrx_word' id='word_1_208' title='bbox 531 3125 655 3190; x_wconf 88' lang='lat' dir='ltr'>faceret</span> <span class='ocrx_word' id='word_1_209' title='bbox 675 3147 792 3209; x_wconf 88' lang='lat' dir='ltr'>pacem</span> <span class='ocrx_word' id='word_1_210' title='bbox 811 3147 886 3191; x_wconf 90' lang='lat' dir='ltr'>curn</span> <span class='ocrx_word' id='word_1_211' title='bbox 905 3127 1018 3191; x_wconf 92' lang='lat' dir='ltr'>Priore</span> <span class='ocrx_word' id='word_1_212' title='bbox 1033 3148 1091 3210; x_wconf 90' lang='lat' dir='ltr'>per</span> <span class='ocrx_word' id='word_1_213' title='bbox 1106 3126 1297 3210; x_wconf 90' lang='lat' dir='ltr'>quindecim</span> <span class='ocrx_word' id='word_1_214' title='bbox 1314 3145 1442 3189; x_wconf 89' lang='lat' dir='ltr'>marcas</span> 
     </span>
    </p>

    <p class='ocr_par' dir='ltr' id='par_1_12' title="bbox 260 3228 1441 3313">
     <span class='ocr_line' id='line_1_28' title="bbox 260 3228 1441 3313; baseline -0.001 -20"><span class='ocrx_word' id='word_1_215' title='bbox 260 3253 263 3260; x_wconf 63' lang='lat'><em>¹</em></span> <span class='ocrx_word' id='word_1_216' title='bbox 336 3228 579 3312; x_wconf 86' lang='lat' dir='ltr'>sterlingorum.</span> <span class='ocrx_word' id='word_1_217' title='bbox 612 3231 790 3296; x_wconf 88' lang='lat' dir='ltr'>Inueniens</span> <span class='ocrx_word' id='word_1_218' title='bbox 807 3232 1018 3296; x_wconf 90' lang='lat' dir='ltr'>securitatem</span> <span class='ocrx_word' id='word_1_219' title='bbox 1036 3231 1179 3295; x_wconf 90' lang='lat' dir='ltr'>multum</span> <span class='ocrx_word' id='word_1_220' title='bbox 1195 3228 1339 3313; x_wconf 90' lang='lat' dir='ltr'>penituit</span> <span class='ocrx_word' id='word_1_221' title='bbox 1350 3229 1441 3313; x_wconf 91' lang='lat' dir='ltr'>quod</span> 
     </span>
    </p>
   </div>
   <div class='ocr_carea' id='block_1_4' title="bbox 336 3335 883 3419">
    <p class='ocr_par' dir='ltr' id='par_1_13' title="bbox 336 3335 883 3419">
     <span class='ocr_line' id='line_1_29' title="bbox 336 3335 883 3419; baseline 0.005 -22"><span class='ocrx_word' id='word_1_222' title='bbox 336 3353 357 3397; x_wconf 93' lang='lat' dir='ltr'>a</span> <span class='ocrx_word' id='word_1_223' title='bbox 371 3336 598 3399; x_wconf 90' lang='lat' dir='ltr'>conuencione</span> <span class='ocrx_word' id='word_1_224' title='bbox 614 3338 721 3419; x_wconf 92' lang='lat' dir='ltr'>prima</span> <span class='ocrx_word' id='word_1_225' title='bbox 736 3335 883 3400; x_wconf 89' lang='lat' dir='ltr'>resiliuit.</span> 
     </span>
    </p>
   </div>
   <div class='ocr_carea' id='block_1_5' title="bbox 510 3573 1266 3764">
    <p class='ocr_par' dir='ltr' id='par_1_14' title="bbox 510 3573 1266 3764">
     <span class='ocr_line' id='line_1_30' title="bbox 510 3573 1266 3658; baseline -0.001 -20"><span class='ocrx_word' id='word_1_226' title='bbox 510 3589 559 3655; x_wconf 81' lang='lat'>37.</span> <span class='ocrx_word' id='word_1_227' title='bbox 604 3574 657 3638; x_wconf 82' lang='lat' dir='ltr'>De</span> <span class='ocrx_word' id='word_1_228' title='bbox 678 3575 820 3658; x_wconf 81' lang='lat' dir='ltr'>quodam</span> <span class='ocrx_word' id='word_1_229' title='bbox 837 3575 1004 3657; x_wconf 78' lang='lat' dir='ltr'>palefrido</span> <span class='ocrx_word' id='word_1_230' title='bbox 1025 3576 1102 3638; x_wconf 85' lang='lat' dir='ltr'>dato</span> <span class='ocrx_word' id='word_1_231' title='bbox 1123 3573 1266 3637; x_wconf 83' lang='lat' dir='ltr'>Domino</span> 
     </span>
     <span class='ocr_line' id='line_1_31' title="bbox 690 3679 1077 3764; baseline 0.003 -22"><span class='ocrx_word' id='word_1_232' title='bbox 690 3679 721 3764; x_wconf 94' lang='lat' dir='ltr'><em>J</em></span> <span class='ocrx_word' id='word_1_233' title='bbox 722 3679 873 3764; x_wconf 73' lang='lat' dir='ltr'>[ohanna]</span> <span class='ocrx_word' id='word_1_234' title='bbox 897 3680 936 3743; x_wconf 84' lang='lat' dir='ltr'>de</span> <span class='ocrx_word' id='word_1_235' title='bbox 957 3679 1077 3762; x_wconf 84' lang='lat' dir='ltr'>Burgo.</span> 
     </span>
    </p>
   </div>
   <div class='ocr_carea' id='block_1_6' title="bbox 173 3857 1442 3972">
    <p class='ocr_par' dir='ltr' id='par_1_15' title="bbox 173 3857 1442 3972">
     <span class='ocr_line' id='line_1_32' title="bbox 173 3857 1442 3972; baseline 0 -51"><span class='ocrx_word' id='word_1_236' title='bbox 173 3879 307 3972; x_wconf 53' lang='lat' dir='ltr'>pmqt</span> <span class='ocrx_word' id='word_1_237' title='bbox 401 3858 568 3923; x_wconf 89' lang='lat' dir='ltr'>Dominus</span> <span class='ocrx_word' id='word_1_238' title='bbox 588 3857 758 3939; x_wconf 80' lang='lat' dir='ltr'>lohannes</span> <span class='ocrx_word' id='word_1_239' title='bbox 779 3858 823 3924; x_wconf 94' lang='lat' dir='ltr'>de</span> <span class='ocrx_word' id='word_1_240' title='bbox 843 3859 957 3941; x_wconf 85' lang='lat' dir='ltr'>Burgo</span> <span class='ocrx_word' id='word_1_241' title='bbox 978 3860 1095 3937; x_wconf 90' lang='lat' dir='ltr'>senior,</span> <span class='ocrx_word' id='word_1_242' title='bbox 1112 3860 1169 3943; x_wconf 91' lang='lat' dir='ltr'>qui</span> <span class='ocrx_word' id='word_1_243' title='bbox 1192 3866 1263 3923; x_wconf 90' lang='lat' dir='ltr'>erat</span> <span class='ocrx_word' id='word_1_244' title='bbox 1285 3857 1442 3923; x_wconf 92' lang='lat' dir='ltr'>dominus</span> 
     </span>
    </p>
   </div>
   <div class='ocr_carea' id='block_1_7' title="bbox 170 3962 1443 4073">
    <p class='ocr_par' dir='ltr' id='par_1_16' title="bbox 170 3962 1443 4073">
     <span class='ocr_line' id='line_1_33' title="bbox 170 3962 1443 4073; baseline -0.001 -45"><span class='ocrx_word' id='word_1_245' title='bbox 170 3980 298 4073; x_wconf 46' lang='lat' dir='ltr'>poppam</span> <span class='ocrx_word' id='word_1_246' title='bbox 335 3962 516 4047; x_wconf 90' lang='lat' dir='ltr'>aliquando</span> <span class='ocrx_word' id='word_1_247' title='bbox 538 3963 675 4028; x_wconf 91' lang='lat' dir='ltr'>manerii</span> <span class='ocrx_word' id='word_1_248' title='bbox 696 3965 786 4047; x_wconf 92' lang='lat' dir='ltr'>quod</span> <span class='ocrx_word' id='word_1_249' title='bbox 807 3964 963 4029; x_wconf 87' lang='lat' dir='ltr'>dominus</span> <span class='ocrx_word' id='word_1_250' title='bbox 985 3964 1153 4029; x_wconf 91' lang='lat' dir='ltr'>Robertus</span> <span class='ocrx_word' id='word_1_251' title='bbox 1170 3964 1320 4047; x_wconf 89' lang='lat' dir='ltr'>Typetot</span> <span class='ocrx_word' id='word_1_252' title='bbox 1340 3964 1443 4027; x_wconf 92' lang='lat' dir='ltr'>modo</span> 
     </span>
    </p>
   </div>
   <div class='ocr_carea' id='block_1_8' title="bbox 170 4068 1442 4174">
    <p class='ocr_par' dir='ltr' id='par_1_17' title="bbox 170 4068 1442 4174">
     <span class='ocr_line' id='line_1_34' title="bbox 170 4068 1442 4174; baseline -0.001 -42"><span class='ocrx_word' id='word_1_253' title='bbox 170 4081 277 4174; x_wconf 56' lang='lat' dir='ltr'>hoffiedtg</span> <span class='ocrx_word' id='word_1_254' title='bbox 335 4078 429 4133; x_wconf 90' lang='lat' dir='ltr'>tenet</span> <span class='ocrx_word' id='word_1_255' title='bbox 449 4070 482 4132; x_wconf 90' lang='lat' dir='ltr'>in</span> <span class='ocrx_word' id='word_1_256' title='bbox 506 4068 716 4146; x_wconf 90' lang='lat' dir='ltr'>Herlestone,</span> <span class='ocrx_word' id='word_1_257' title='bbox 732 4070 824 4133; x_wconf 92' lang='lat' dir='ltr'>misit</span> <span class='ocrx_word' id='word_1_258' title='bbox 844 4069 887 4133; x_wconf 90' lang='lat' dir='ltr'>ad</span> <span class='ocrx_word' id='word_1_259' title='bbox 906 4068 1050 4133; x_wconf 89' lang='lat' dir='ltr'>Priorem</span> <span class='ocrx_word' id='word_1_260' title='bbox 1066 4069 1225 4152; x_wconf 92' lang='lat' dir='ltr'>Jolanum</span> <span class='ocrx_word' id='word_1_261' title='bbox 1241 4069 1274 4130; x_wconf 93' lang='lat' dir='ltr'>in</span> <span class='ocrx_word' id='word_1_262' title='bbox 1290 4075 1442 4150; x_wconf 90' lang='lat' dir='ltr'>tempore</span> 
     </span>
    </p>
   </div>
   <div class='ocr_carea' id='block_1_9' title="bbox 168 4130 1441 4275">
    <p class='ocr_par' dir='ltr' id='par_1_18' title="bbox 168 4130 1441 4275">
     <span class='ocr_line' id='line_1_35' title="bbox 168 4130 1441 4275; baseline -0.002 -39"><span class='ocrx_word' id='word_1_263' title='bbox 168 4130 323 4275; x_wconf 52' lang='lat' dir='ltr'>gssfiffissfi</span> <span class='ocrx_word' id='word_1_264' title='bbox 335 4174 581 4237; x_wconf 89' lang='lat' dir='ltr'>turbacionisvt</span> <span class='ocrx_word' id='word_1_265' title='bbox 591 4174 826 4238; x_wconf 87' lang='lat' dir='ltr'>accomodaret</span> <span class='ocrx_word' id='word_1_266' title='bbox 834 4174 1038 4257; x_wconf 90' lang='lat' dir='ltr'>eiquendam</span> <span class='ocrx_word' id='word_1_267' title='bbox 1050 4194 1173 4257; x_wconf 89' lang='lat' dir='ltr'>equum</span> <span class='ocrx_word' id='word_1_268' title='bbox 1185 4171 1227 4235; x_wconf 92' lang='lat' dir='ltr'>ad</span> <span class='ocrx_word' id='word_1_269' title='bbox 1239 4171 1441 4254; x_wconf 89' lang='lat' dir='ltr'>portandum</span> 
     </span>
    </p>
   </div>
   <div class='ocr_carea' id='block_1_10' title="bbox 168 4276 1440 4471">
    <p class='ocr_par' dir='ltr' id='par_1_19' title="bbox 168 4276 1440 4471">
     <span class='ocr_line' id='line_1_36' title="bbox 168 4276 1439 4360; baseline 0.001 -23"><span class='ocrx_word' id='word_1_270' title='bbox 168 4282 315 4336; x_wconf 63' lang='lat' dir='ltr'>nereum.</span> <span class='ocrx_word' id='word_1_271' title='bbox 334 4277 523 4341; x_wconf 89' lang='lat' dir='ltr'>hemesium</span> <span class='ocrx_word' id='word_1_272' title='bbox 544 4297 642 4341; x_wconf 87' lang='lat' dir='ltr'>suurn</span> <span class='ocrx_word' id='word_1_273' title='bbox 663 4279 832 4360; x_wconf 89' lang='lat' dir='ltr'>usquead</span> <span class='ocrx_word' id='word_1_274' title='bbox 854 4286 981 4341; x_wconf 92' lang='lat' dir='ltr'>certum</span> <span class='ocrx_word' id='word_1_275' title='bbox 1003 4277 1122 4342; x_wconf 91' lang='lat' dir='ltr'>locum.</span> <span class='ocrx_word' id='word_1_276' title='bbox 1170 4276 1262 4341; x_wconf 92' lang='lat' dir='ltr'>Prior</span> <span class='ocrx_word' id='word_1_277' title='bbox 1277 4296 1357 4339; x_wconf 89' lang='lat' dir='ltr'>uero</span> <span class='ocrx_word' id='word_1_278' title='bbox 1373 4296 1439 4339; x_wconf 91' lang='lat' dir='ltr'>non</span> 
     </span>
     <span class='ocr_line' id='line_1_37' title="bbox 333 4380 1440 4471; baseline 0.001 -23"><span class='ocrx_word' id='word_1_279' title='bbox 333 4382 450 4449; x_wconf 92' lang='lat' dir='ltr'>habuit</span> <span class='ocrx_word' id='word_1_280' title='bbox 470 4394 550 4450; x_wconf 88' lang='lat' dir='ltr'>tunc</span> <span class='ocrx_word' id='word_1_281' title='bbox 570 4382 731 4471; x_wconf 87' lang='lat' dir='ltr'>temporis</span> <span class='ocrx_word' id='word_1_282' title='bbox 746 4384 878 4470; x_wconf 87' lang='lat' dir='ltr'>copiam</span> <span class='ocrx_word' id='word_1_283' title='bbox 895 4400 1057 4464; x_wconf 90' lang='lat' dir='ltr'>equorum</span> <span class='ocrx_word' id='word_1_284' title='bbox 1074 4390 1211 4464; x_wconf 89' lang='lat' dir='ltr'>propter</span> <span class='ocrx_word' id='word_1_285' title='bbox 1225 4380 1440 4462; x_wconf 80' lang='lat' dir='ltr'>depredacio·</span> 
     </span>
    </p>
   </div>
   <div class='ocr_carea' id='block_1_11' title="bbox 0 0 1600 5067">
    <p class='ocr_par' dir='ltr' id='par_1_20' title="bbox 0 0 1600 5067">
     <span class='ocr_line' id='line_1_38' title="bbox 0 0 1600 5067; baseline 0 0"><span class='ocrx_word' id='word_1_286' title='bbox 0 0 1600 5067; x_wconf 95' lang='lat' dir='ltr'> </span> 
     </span>
    </p>
   </div>
  </div>
 </body>
</html>
