3192 5067
139 351 201 451 111]
285 352 404 427 Land
424 356 466 426 in
491 351 625 427 Bourn
641 350 753 446 from
782 350 930 425 Gz'lbert
954 349 1090 423 Pecche
1175 372 1243 443 133

138 560 219 603 uero
233 560 335 624 quam
352 540 430 603 iecit
445 540 541 603 nobis
556 540 713 603 dominus
729 536 927 623 G[ilbertus]
944 538 1071 601 Pecche
1091 537 1245 601 dedimus
1257 546 1374 639 3¹23ng

138 644 248 708 eidem
286 643 332 708 ‚Q
370 644 497 707 solidos
533 642 777 724 sterlingorum,
816 652 849 707 et
888 643 1073 705 remisimus
1111 639 1173 703 sibi
1210 650 1245 704 et
1257 647 1383 750 ffilffibe

137 748 382 813 successoribus
404 749 471 812 suis
494 757 571 812 octo
594 746 720 810 solidos
742 748 844 811 annui
868 745 1016 809 redditus
1041 746 1083 809 de
1107 764 1245 808 numero
1257 748 1326 841 ἓξὲξ
1329 748 1390 849 ἑξεῖ

137 852 251 917 .C.et
275 862 352 917 octo
373 852 556 916 solidorum
573 852 606 913 in
622 851 743 933 quibus
759 850 856 914 nobis
872 849 1048 914 tenebatur
1062 849 1245 923 annuatim,
1256 849 1361 949 ξεζξξὲῐ,

138 967 172 1022 et
194 958 258 1021 hoc
280 979 339 1042 per
359 958 490 1022 literam
509 966 658 1019 nostram
678 976 781 1040 quam
805 955 883 1019 inde
906 954 1007 1018 habet
1031 952 1133 1017 talem
1153 951 1244 1016 vide·
1259 959 1317 1003 ¹²⁷⁵·

138 1061 235 1126 licet:

192 1179 341 1235 Uniuersis
354 1178 460 1233 Christi
472 1178 603 1233 fidelibus
615 1188 667 1234 etc.
700 1178 846 1233 Noueritis
859 1194 911 1233 nos
924 1178 1066 1233 remisisse
1079 1186 1106 1231 et
1119 1176 1244 1247 quietum

136 1268 276 1322 clamasse
288 1268 406 1322 domino
419 1266 547 1322 Gilberto
562 1267 653 1321 Peche
666 1276 693 1319 et
707 1266 765 1321 suis
778 1266 989 1321 successoribus
1005 1275 1070 1320 octo
1087 1264 1193 1319 solidos
1210 1263 1246 1319 de

137 1364 350 1411 numero.C.et
372 1364 438 1410 octo
459 1354 613 1409 solidorum
638 1355 792 1425 inquibus
818 1354 900 1410 nobis
925 1355 1074 1410 tenebatur
1095 1369 1145 1424 per
1166 1369 1244 1420 cyro-

95 1436 102 1447 '
136 1439 276 1509 graphum
289 1439 317 1493 in
330 1439 408 1494 curia
421 1438 539 1493 Domini
553 1438 640 1507 Regis
651 1438 785 1505 leuatum,
798 1438 839 1492 ita
852 1438 927 1509 quod
946 1438 1020 1493 idem
1039 1436 1244 1507 cyrographum

136 1539 194 1593 quo
223 1522 434 1577 ad.C.solidos
462 1522 592 1577 residuos
620 1532 673 1577 etc.
698 1520 746 1592 qui
775 1522 805 1575 in
835 1538 869 1575 eo
899 1520 1080 1577 continentur
1105 1521 1246 1589 integrum

137 1619 303 1665 remaneant
320 1619 347 1664 et
364 1610 511 1665 illibatum.

205 1717 269 1779 Pro
285 1737 351 1799 qua
363 1717 558 1780 remissione
573 1725 607 1779 et
618 1725 753 1780 centum
770 1714 886 1777 solidis
899 1734 983 1796 quos
999 1715 1028 1777 ei
1044 1712 1244 1776 donauimus

137 1817 232 1883 dedit
248 1819 344 1883 nobis
360 1820 544 1903 predictam
566 1819 741 1883 dimidiam
758 1820 924 1901 virgatam
945 1827 1030 1881 terre
1052 1816 1084 1879 in
1106 1816 1243 1880 liberam

137 1944 256 2007 puram
280 1934 314 1987 et
337 1933 534 2007 perpetuam
557 1923 776 1987 elemosinam
801 1944 860 2007 per
882 1942 977 1986 suam
1001 1932 1127 1985 cartam
1151 1921 1245 1984 cuius

137 2038 233 2091 tenor
255 2028 332 2092 talis
355 2039 425 2094 est:

192 2149 341 2204 Uniuersis
375 2149 479 2204 Christi
515 2148 645 2203 fidelibus
679 2148 824 2202 Gilbertus
863 2147 973 2201 Pecche
1009 2156 1060 2201 etc.
1100 2145 1244 2201 Noveritis

138 2253 185 2292 me
216 2236 328 2291 dedisse
356 2237 531 2293 concessisse
559 2248 588 2292 et
613 2238 736 2308 presenti
767 2246 846 2291 carta
874 2252 938 2289 mea
967 2235 1149 2289 confirmasse
1182 2235 1245 2289 Deo

137 2332 166 2377 et
195 2322 325 2377 Ecclesia
353 2322 444 2378 sancti
472 2322 568 2393 Egidij
594 2324 631 2377 de
657 2324 837 2389 Bemewelle,
867 2334 895 2377 et
922 2323 1009 2376 Priori
1037 2332 1064 2377 et
1093 2320 1245 2377 Canonicis

137 2409 244 2465 ibidem
269 2412 333 2467 Deo
358 2411 557 2480 seruientibus,
579 2429 631 2481 pro
655 2412 746 2465 salute
771 2411 866 2465 anime
890 2426 953 2464 mee
977 2419 1005 2464 et
1035 2420 1246 2465 antecessorum

137 2505 166 2549 et
190 2511 386 2550 successorum
410 2512 546 2562 meorum,
571 2504 598 2549 et
622 2494 839 2565 pro.C.solidis
859 2493 1056 2563 sterlingorum
1082 2511 1153 2565 quos
1175 2494 1245 2549 mibi

137 2583 276 2638 dederunt
305 2594 334 2639 et
362 2600 413 2655 pro
437 2583 603 2637 remissione
628 2593 692 2636 octo
718 2582 872 2637 solidorum
898 2584 984 2637 annui
1008 2582 1134 2637 redditus
1159 2598 1245 2652 quarn

137 2672 225 2725 michi
251 2671 376 2727 lecerunt
401 2679 429 2724 et
453 2670 524 2725 meis
549 2670 701 2724 heredibus
725 2687 812 2723 unam
838 2669 984 2725 dimidiam
1010 2671 1148 2740 virgatam
1163 2681 1245 2726 terre

138 2778 204 2816 cum
221 2761 403 2831 pertinenciis
421 2759 451 2813 in
469 2760 536 2814 villa
556 2770 585 2815 et
603 2760 712 2830 campis
732 2760 768 2813 de
787 2760 902 2813 Brunne
921 2775 1007 2829 quam
1030 2759 1066 2814 de
1088 2776 1134 2814 me
1156 2760 1245 2814 tenuit

136 2849 290 2919 aliquando
301 2848 435 2902 dominus
450 2848 577 2917 Rogems
590 2859 742 2917 perpetuus
755 2847 877 2902 vicarius
890 2848 926 2902 de
942 2848 1042 2903 eadem
1058 2864 1110 2917 pro
1125 2847 1245 2901 seruicio

136 2947 202 2991 octo
214 2935 376 2991 solidorum
415 2935 588 2990 Habendam
601 2946 629 2989 et
646 2935 800 2990 tenendam
818 2935 924 2990 dictam
941 2935 1089 2991 dimidiam
1106 2935 1244 3003 virgatam

136 3033 209 3079 terre
221 3040 285 3077 cum
299 3024 356 3078 suis
369 3022 550 3095 pertinenciis
563 3024 591 3077 in
605 3023 723 3077 liberam
736 3039 837 3093 puram
847 3033 875 3077 et
885 3032 1050 3093 perpetuam
1059 3022 1244 3077 elemosinam

136 3112 220 3166 dictis
238 3111 326 3167 Priori
343 3122 372 3167 et
388 3112 542 3167 Canonicis
559 3122 699 3167 eteorum
716 3110 928 3166 successoribus
947 3111 976 3165 in
996 3120 1170 3181 perpetuum.
1211 3112 1243 3163 ln

136 3201 216 3257 cuius
229 3199 268 3255 rei
281 3199 474 3255 testimonium
487 3210 540 3255 etc.

171 3372 187 3439 5
193 3376 220 3439 3.
264 3358 317 3422 De
336 3359 532 3423 contencione
552 3358 673 3422 chasn'e
695 3359 782 3421 inter
801 3357 984 3440 Burgenses
1008 3357 1212 3442 Contebrt‘gie

447 3473 479 3527 ct
498 3464 650 3527 Priorem
672 3463 711 3526 de
732 3462 930 3526 Bemwelk.

203 3590 351 3675 Quidam
367 3591 548 3675 burgenses
572 3591 785 3673 Cantebrigie
801 3592 991 3656 inuidentes
1011 3596 1242 3659 commoditati
1258 3617 1376 3660 nowtne

137 3696 372 3759 canonicorum
395 3693 553 3758 dicebant
576 3694 667 3778 quod
692 3696 784 3757 Prior
806 3705 840 3758 et
866 3706 1050 3760 conuentus
1074 3697 1116 3760 ad
1144 3719 1242 3762 nocu·
1256 3669 1372 3761 iriniiiu

1257 3770 1371 3810 wlthe

138 3809 288 3864 mentum
305 3799 412 3863 tocius
433 3799 510 3863 ville
531 3799 822 3883 obstuppauerunt
842 3819 1055 3864 communem
1077 3802 1243 3867 chasciam
1256 3821 1290 3911 gp
1312 3830 1389 3911 ,εξ-ιι

136 3923 240 3966 suam.
288 3900 390 3965 Anno
406 3902 507 3985 igitur
523 3904 614 3986 regni
633 3904 736 3986 Regis
753 3904 930 3966 Eadwardi
948 3916 1066 3985 quarto
1082 3917 1244 3970 venemnt
1256 3920 1357 4011 me.

139 4008 278 4070 ministri
302 4008 388 4089 regis
412 4008 445 4070 in
469 4010 667 4072 comitatum
692 4006 906 4089 Cantebrigie
929 4009 971 4071 ad
996 4010 1375 4122 iss‘lUifendfflfi‘ffl,

186 4153 194 4185 ¹
212 4153 275 4203 This
290 4154 365 4205 relers
381 4162 408 4204 to
424 4154 467 4204 the
482 4162 551 4219 great
567 4153 727 4205 commission
743 4154 773 4204 ol
784 4155 885 4220 inquiry
900 4154 1030 4204 instituted
1046 4156 1079 4219 by
1095 4156 1205 4206 Edward
1222 4158 1243 4207 Ι.
1257 4101 1392 4239 ffl-ssn‘

135 4237 306 4301 immediately
322 4238 386 4287 aiter
401 4237 441 4286 his
457 4238 547 4287 arrival
563 4239 590 4287 in
607 4238 725 4303 England
742 4240 769 4286 in
788 4251 859 4301 1274,
873 4237 915 4287 the
933 4239 1022 4289 results
1039 4238 1069 4288 ol'
1082 4239 1163 4290 which
1179 4257 1245 4290 were

137 4322 315 4385 subsequently
333 4322 453 4371 recorded
474 4321 500 4370 in
519 4321 563 4371 the
584 4322 708 4371 Hundred
729 4321 809 4371 Rolls.
850 4322 899 4371 See
923 4322 1024 4381 Stubbe.
1051 4323 1248 4373 Constintnbnal

138 4401 250 4465 History,
269 4402 308 4451 ed.
332 4404 403 4466 1875,
422 4402 479 4451 Vol.
500 4403 525 4451 ii.
545 4418 570 4467 p.
593 4419 646 4454 110.
