3192 5067
331 364 397 437 172
560 345 598 419 V
595 347 741 446 icarage
766 346 816 444 of
834 346 996 421 Guilden
1022 348 1186 423 Mordere
1309 347 1428 449 [soon

502 654 569 715 104
613 637 744 701 Littera
766 638 997 723 lnqurkisionis
1017 640 1067 703 ad
1083 639 1255 723 finalem.

160 838 267 881 mm
378 790 516 860 Magister
538 792 647 846 Alanus
671 794 708 848 de
738 795 888 850 Rokelund
912 794 1040 851 officialis
1065 795 1196 863 Eiyensis
1220 794 1342 849 discreto
1369 794 1430 847 viro

158 888 289 931 menreb·
321 879 432 934 officiali
452 881 558 935 domini
577 883 776 939 Archidiaconi
796 884 929 953 Elyensis
947 885 1067 939 salutem
1085 882 1114 938 in
1132 882 1258 939 domino.

159 938 309 1041 pppeeppttpoe
376 970 611 1025 Presentauerunt
623 970 706 1025 nobis
720 972 857 1041 Religiosi
870 972 923 1027 uiri
935 972 1014 1027 Prior
1025 972 1062 1028 de
1076 970 1248 1028 Bernewelle
1261 980 1288 1027 et
1300 970 1428 1025 eiusdem

158 1038 302 1142 ffimffl
321 1056 376 1111 loci
389 1067 545 1113 conuentus
557 1059 663 1113 Lucam
675 1059 712 1114 de
723 1058 904 1127 Abingetone
915 1060 1100 1131 Capellanum
1114 1060 1151 1114 ad
1163 1058 1297 1114 vicariam
1309 1057 1429 1115 ecclesie

158 1140 307 1244 {hffissh
322 1145 358 1199 de
375 1146 634 1201 Gildenemordone
649 1157 799 1203 vacantem
813 1158 842 1202 et
854 1147 892 1202 ad
904 1164 1001 1203 eorum
1015 1148 1237 1203 aduocacionem
1250 1156 1427 1219 spectantem

321 1240 352 1285 ut
377 1231 482 1287 dicunt
544 1232 689 1303 Quocirca
718 1233 885 1289 discrecioni
916 1245 1010 1290 uestre
1039 1234 1210 1289 mandamus
1240 1234 1373 1306 quatinus
1399 1232 1428 1286 in

321 1318 448 1388 proximo
466 1319 520 1375 ioci
539 1319 664 1391 capitulo
681 1320 829 1391 inquiratis
847 1338 884 1375 an
902 1322 979 1377 dicta
997 1321 1103 1377 vicaria
1127 1330 1216 1387 vacet,
1235 1330 1263 1375 et
1287 1321 1324 1375 ad
1348 1320 1427 1375 cuius

320 1407 543 1463 aduocationem
559 1419 675 1480 spectet,
693 1420 720 1464 et
737 1408 818 1464 cuius
839 1420 883 1465 est
904 1410 1107 1478 estimacionis,
1122 1419 1151 1464 et
1169 1409 1206 1465 de
1223 1409 1286 1479 alijs
1303 1408 1427 1465 articulis

320 1496 471 1563 consuetis,
495 1507 524 1552 et
548 1496 616 1567 quid
640 1514 726 1567 super
749 1499 804 1552 hoc
829 1496 994 1553 inueneritis
1019 1498 1101 1552 nobis
1126 1514 1176 1568 per
1199 1498 1295 1551 literas
1319 1505 1427 1551 uestras

320 1582 463 1638 intimetis.

375 1672 482 1726 Datum
494 1672 570 1742 apud
582 1671 768 1742 Trumpitone
780 1672 809 1727 in
822 1672 946 1727 crastino
959 1672 1021 1727 festi
1036 1672 1162 1727 omnium
1174 1672 1343 1726 Sanctorum
1352 1686 1427 1724 anno

320 1758 428 1815 domini
438 1758 717 1815 m⁰.cc⁰.lx⁰.nouo.

451 1982 519 2048 105.
565 1967 738 2050 lnqursr'cr'o
748 1968 847 2048 facta
869 1968 908 2031 de
939 1966 1070 2032 Vican'a
1093 1968 1132 2031 de
1153 1966 1303 2031 Mordon.

156 2134 210 2176 me
220 2134 300 2177 Areu-
375 2120 446 2175 Uiro
462 2120 623 2176 venerande
640 2122 824 2177 discrecionis
840 2120 977 2193 magistro
993 2122 1087 2176 Alano
1100 2122 1136 2176 de
1151 2120 1301 2176 Rokelund
1313 2118 1425 2175 officiali

157 2186 276 2287 ξξζξξῗ·
321 2207 438 2276 Elyensi
458 2207 585 2263 officialis
607 2210 715 2263 domini
736 2210 937 2264 archidiaconi
959 2209 1092 2279 Elyensis
1116 2208 1215 2264 salutis
1239 2218 1335 2264 eterne
1358 2224 1425 2277 gau·

158 2285 239 2328 ⁰²⁶³
280 2318 287 2329 ·
320 2297 406 2351 dium.

374 2383 543 2439 Mandatum
556 2395 679 2439 uestrum
693 2402 783 2455 nuper
794 2384 886 2454 recepi
900 2385 1019 2441 subhac
1032 2384 1130 2439 sonna.
1169 2384 1307 2453 Magister
1316 2384 1425 2438 Alanus

319 2471 356 2525 de
375 2471 525 2526 Rokelund
544 2470 672 2525 officialis
690 2472 823 2540 Elyensis
841 2471 964 2527 discreto
984 2472 1045 2526 viro
1066 2471 1178 2527 officiali
1201 2470 1308 2527 domini
1325 2471 1424 2525 Archi·

319 2562 433 2618 diaconi
447 2561 577 2629 Elyensis
590 2561 710 2615 salutem
719 2570 771 2616 etc.
785 2568 816 2614 ut
831 2576 923 2631 supra
962 2560 1048 2615 Cuius
1065 2560 1232 2615 auctoritate
1250 2560 1377 2615 mandati
1394 2559 1424 2614 in

319 2650 374 2705 loci
398 2649 522 2721 capitulo
547 2648 711 2718 diligentem
736 2648 788 2702 ieci
814 2647 1030 2719 inquisicionem
1054 2664 1138 2717 super
1163 2657 1237 2702 statu
1262 2647 1365 2701 vicarie
1389 2647 1425 2702 de

319 2738 579 2795 Gildenemordone
597 2739 752 2808 spectantis
771 2738 809 2792 ad
832 2737 936 2792 Prioris
960 2737 996 2791 de
1022 2736 1192 2791 Bernewelle
1216 2746 1244 2791 et
1268 2746 1424 2791 conuentus

318 2827 546 2883 aduocacionem.
585 2827 646 2896 Que
658 2826 727 2881 dicit
739 2827 816 2898 quod
828 2826 906 2881 dicta
918 2826 1024 2882 vicaria
1035 2836 1117 2879 vacat
1135 2842 1184 2896 per
1200 2824 1424 2895 resignacionem

318 2912 426 2968 domini
451 2912 589 2983 Johannis
613 2929 703 2983 nuper
726 2912 832 2967 Vitarii
856 2911 984 2967 eiusdem
1008 2912 1134 2979 ecclesie,
1159 2922 1188 2967 et
1215 2913 1291 2983 quod
1316 2922 1424 2983 spectat

319 2998 474 3055 aduocacio
498 3000 559 3055 siue
588 3000 764 3070 presentacio
794 2999 871 3056 dicte
901 2999 1004 3057 vicarie
1034 3002 1071 3056 ad
1101 3002 1208 3056 dictum
1241 3000 1364 3056 Priorem
1395 3012 1423 3056 et

318 3100 488 3143 conuentum
502 3089 538 3143 de
551 3088 731 3156 Bernewelle,
743 3098 771 3143 et
783 3089 861 3159 quod
874 3088 951 3144 dicta
962 3090 1067 3145 vicaria
1079 3090 1209 3145 consistit
1224 3090 1253 3145 in
1270 3090 1422 3161 altaragijs,

318 3176 443 3246 exceptis
460 3176 638 3246 quibusdam,
652 3175 759 3231 scilicet
772 3176 884 3231 decima
895 3176 951 3232 seni
968 3188 998 3233 et
1014 3179 1248 3246 molendinorum,
1261 3187 1290 3234 et
1307 3190 1424 3249 excepto

316 3263 409 3334 primo
423 3265 524 3335 legato,
542 3273 570 3317 et
585 3274 679 3335 preter
695 3263 821 3319 decimas
838 3266 874 3322 de
892 3267 971 3321 curia
988 3266 1057 3321 dicti
1071 3266 1175 3321 Prioris
1194 3267 1222 3321 in
1240 3268 1340 3321 eadem
1356 3268 1421 3321 villa

316 3353 522 3423 proueniantes,
535 3362 564 3407 et
575 3362 693 3423 excepta
705 3364 780 3409 terra
791 3355 886 3425 legata
902 3356 926 3411 si
943 3374 1001 3427 qua
1015 3356 1105 3410 fuerit
1144 3354 1222 3409 Dicit
1238 3354 1329 3409 eciam
1347 3356 1423 3411 dicta

316 3438 465 3511 inquisicio
482 3440 558 3511 quod
575 3439 652 3496 dicta
667 3440 773 3495 vicaria
789 3452 833 3498 est
845 3443 1034 3514 pensionaria,
1048 3458 1082 3497 eo
1098 3440 1175 3512 quod
1191 3441 1288 3497 vicarii
1305 3442 1353 3513 qui
1371 3459 1422 3513 pro

316 3539 443 3598 tempore
455 3527 567 3583 suerunt
579 3540 788 3584 consueuerant
800 3531 961 3601 persoluere
974 3530 1057 3585 dictis
1072 3530 1161 3583 Priori
1174 3540 1202 3584 et
1219 3531 1371 3585 conuentui
1384 3571 1390 3583 .
1397 3530 1421 3601 j.

315 3633 441 3671 marcam
458 3614 567 3685 argenti
584 3616 623 3671 ad
641 3616 713 3670 duos
725 3616 792 3671 anni
807 3617 942 3672 terminos
956 3637 964 3681 3
981 3618 1057 3687 quod
1070 3616 1148 3671 dicta
1160 3618 1265 3671 vicaria
1278 3618 1314 3671 ad
1328 3618 1422 3673 minus

315 3704 390 3759 valet
407 3712 520 3758 centum
533 3702 657 3769 solidos3
676 3714 704 3758 et
716 3702 812 3773 vicarij
827 3705 874 3775 qui
888 3720 938 3773 pro
952 3714 1079 3774 tempore
1091 3702 1203 3758 luerunt
1214 3715 1422 3760 consueuerant

315 3793 408 3846 locare
420 3790 564 3860 quoddam
577 3806 708 3844 mansum
720 3806 739 3843 a
750 3791 828 3845 dicto
842 3791 936 3845 Priore
946 3800 974 3845 et
984 3800 1124 3845 conuentu
1136 3807 1187 3860 pro
1195 3802 1315 3861 quatuor
1324 3792 1421 3847 solidis

315 3880 482 3945 annuatim
500 3888 528 3933 et
540 3879 618 3949 quod
630 3893 730 3932 omnes
741 3876 837 3947 vicarij
851 3877 899 3948 qui
913 3894 963 3948 pro
976 3888 1102 3948 tempore
1120 3877 1230 3933 fuerunt
1244 3879 1421 3934 sustinebant

315 3968 411 4025 omnia
434 3983 521 4022 onera
544 3965 706 4031 ordinaria;
735 3974 763 4019 et
787 3966 864 4036 quod
889 3964 1009 4019 vican'us
1033 3966 1194 4037 quicunque
1225 3966 1307 4021 fuerit
1336 3968 1420 4023 debet

315 4058 452 4113 sustinere
468 4054 624 4111 cantariam
640 4055 669 4109 in
684 4054 801 4124 Capella
814 4054 850 4108 de
864 4054 973 4108 Redree
986 4062 1028 4107 ter
1040 4052 1068 4107 in
1082 4054 1249 4109 ebdomada.
1288 4056 1419 4112 Preterea

314 4148 382 4202 dicit
401 4146 476 4216 quod
495 4161 617 4216 persona
634 4152 795 4214 presentata
814 4143 852 4197 ad
870 4142 989 4197 eandem
1008 4152 1051 4196 est
1069 4142 1144 4198 bone
1162 4144 1237 4198 same
1255 4154 1284 4197 et
1302 4144 1420 4201 honeste

313 4232 542 4288 conuersacionis
555 4241 583 4285 et
596 4230 746 4285 laudabilis
759 4228 921 4284 testimonii.
968 4230 1001 4283 In
1015 4230 1094 4283 cuius
1107 4231 1146 4284 rei
1160 4230 1353 4287 testimonium
1366 4244 1417 4288 etc.

367 4321 475 4375 Datum
488 4320 563 4389 apud
577 4319 787 4387 Cantebrigiam
799 4317 847 4371 die
859 4316 988 4386 mercurii
1001 4318 1128 4387 proxima
1141 4330 1207 4373 ante
1224 4320 1326 4374 festum
1342 4321 1418 4376 beati

315 4408 456 4477 Nicholai‚
465 4426 541 4463 anno
552 4407 660 4463 domini
672 4414 728 4459 m⁰.
739 4414 798 4460 cc⁰.
807 4407 849 4459 lx.
859 4421 942 4460 nono.
