3192 5067
160 328 224 428 111]
349 330 427 403 The
452 330 603 404 Barons
628 329 719 403 hold
737 328 799 402 the
825 329 901 401 lsle
926 328 974 426 of
990 328 1069 427 Ely
1199 352 1262 402 121

228 517 306 580 Post
328 518 655 581 consummacionem
676 538 793 600 guerre
810 516 965 580 dominus
982 515 1170 579 Willelmus
1188 516 1267 578 Bar·
1282 530 1377 620 Μ

159 620 235 685 dols
252 620 463 684 confirmauit
484 643 544 704 per
563 631 688 685 cartam
710 642 806 685 suam
829 621 933 684 Priori
956 629 990 683 et
1013 619 1201 686 Conuentui
1225 617 1325 720 depffii
1342 639 1403 719 552¹·-

161 724 363 789 Bemewelle
390 746 507 789 omnes
533 735 637 789 terras
664 735 698 789 et
725 733 918 789 tenementa
948 745 1024 788 cum
1056 721 1268 806 pertinenciJ's
1281 728 1432 821 affirm

159 851 225 912 que
240 829 427 893 habuerunt
444 830 476 892 ln
490 828 700 910 Wygenhale
713 849 758 892 ex
774 829 866 892 dono
882 827 1043 892 WiIIelmi
1061 826 1117 908 filij
1133 826 1268 891 Oliueri.

162 935 208 999 Et
223 944 300 1017 post
316 944 458 999 mortem
475 934 578 1017 ipsius
594 933 756 998 Willelmi
772 931 914 998 Bardoli
932 931 1018 996 lilius
1039 932 1109 996 eius
1125 941 1159 996 et
1174 932 1269 995 heres

159 1038 317 1102 dominus
340 1038 530 1102 Willelmus
558 1036 699 1102 Bardolf
725 1038 845 1101 iterum
869 1034 1079 1100 confirmauit
1103 1037 1137 1100 in
1161 1035 1268 1099 forma

161 1143 288 1206 meliori
318 1162 420 1224 quam
451 1151 547 1225 pater
576 1140 656 1217 eius,
682 1141 867 1205 secundum
894 1142 984 1223 quod
1016 1142 1205 1204 continetur
1234 1140 1268 1203 in

161 1267 277 1311 eorum
301 1246 538 1311 instrumentis.
1281 1249 1298 1300 t.
1313 1262 1343 1314 45

446 1504 494 1569 33.
540 1486 593 1550 De
614 1486 759 1551 incendio
780 1484 821 1549 de
842 1485 983 1550 Brunne.

231 1650 269 1713 In
281 1660 433 1733 tempore
446 1649 503 1713 illo
514 1659 587 1714 orta
598 1658 650 1713 est
666 1649 831 1713 dissencio
844 1669 966 1731 magna
983 1650 1068 1712 inter
1086 1648 1269 1712 Henricum
1283 1665 1402 1760 imm

164 1756 292 1837 Regem
320 1767 353 1819 et
385 1756 531 1819 Barones
562 1775 648 1819 suos.
706 1754 835 1836 Symon
866 1774 945 1817 uero
972 1755 1014 1817 de
1042 1763 1157 1817 monte
1185 1752 1270 1830 lorti,
1283 1770 1369 1861 ἓξὲξ,
1379 1819 1410 1860 de

163 1858 286 1923 Comes
308 1859 507 1941 Leycestrie,
524 1858 659 1940 collegit
679 1860 721 1922 ad
744 1868 874 1941 partem
896 1878 990 1922 suam
1007 1868 1124 1921 contra
1140 1857 1269 1939 Regem
1284 1867 1421 1961 ffissffgfffip

164 1963 286 2027 multos
299 1974 333 2027 et
344 1973 507 2047 potentes
519 1974 553 2027 et
565 1965 759 2045 lnceperunt
775 1984 820 2027 ex
833 1972 972 2045 utraque
985 1972 1080 2045 parte
1095 1961 1270 2044 depredari
1285 1969 1384 2072 ffitpn

163 2067 258 2131 villas
288 2077 323 2131 et
355 2067 503 2130 maneria
533 2067 678 2149 plurium
714 2066 929 2149 depopulare,
958 2066 1110 2148 captiuos
1147 2066 1270 2128 multos
1286 2070 1433 2121 flenry111.

163 2182 277 2235 tenere
299 2182 333 2235 et
356 2172 571 2254 inprisonare,
590 2170 701 2252 plures
724 2170 916 2246 interficere,
938 2181 971 2234 et
995 2171 1101 2235 multa
1125 2169 1213 2233 mala
1236 2171 1269 2232 in

163 2276 303 2339 diuersis
333 2276 484 2357 partibus
514 2274 640 2357 Anglie
671 2274 786 2339 Iacere.
841 2272 1056 2357 Quapropter
1083 2274 1270 2358 Episcopus

166 2377 331 2461 Elyensis,
350 2399 395 2441 ex
416 2388 575 2461 precepto
596 2378 709 2461 Regis,
729 2377 807 2441 iecit
833 2378 980 2441 Insulam
1003 2380 1178 2457 custodire,
1196 2379 1270 2443 bar·
1286 2405 1352 2447 now
1361 2405 1403 2447 ue
1473 2414 1475 2419 ·

164 2501 253 2545 reras
276 2501 335 2564 per
356 2481 506 2544 diuersas
530 2490 640 2563 partes
665 2479 778 2544 Insule
801 2490 1002 2556 construere,
1017 2492 1051 2545 et
1074 2502 1131 2545 eas
1154 2480 1208 2545 die
1232 2502 1270 2545 ac
1284 2454 1435 2547 iiiiiieiily

164 2596 264 2651 nocte
278 2606 355 2651 cum
373 2606 474 2649 manu
495 2595 625 2649 armata
644 2585 820 2649 custodire.
868 2586 1016 2650 Barones
1035 2607 1114 2650 uero
1129 2587 1271 2650 scientes
1283 2556 1427 2700 ffigffiut

167 2691 314 2755 Insulam
332 2690 417 2754 bene
433 2691 607 2766 munitam,
621 2699 656 2752 et
676 2689 840 2770 refugium
856 2710 928 2753 esse
947 2699 1158 2772 oportunum,
1174 2698 1271 2754 caute
1284 2708 1408 2811 {grutuita

164 2795 364 2860 studuerunt
380 2795 412 2857 in
430 2812 504 2857 eam
521 2794 664 2867 introire,
681 2792 772 2875 quod
792 2792 929 2875 quidem
946 2794 1106 2875 paulatim
1123 2804 1158 2857 et
1173 2793 1271 2911 ualde
1283 2814 1389 2903 qqgnter

165 2912 262 2965 caute
289 2900 445 2964 lecerunt.
502 2899 646 2981 Ingressi
674 2918 753 2961 uero
782 2897 929 2961 Insulam
958 2909 1118 2982 tanquam
1144 2898 1270 2963 domim
1284 2912 1415 2965 occurrit-

166 3026 240 3071 eam
256 3003 476 3086 occupabant,
491 3012 525 3067 et
542 3004 703 3066 miserunt
717 3002 840 3065 cotidie
855 3003 1016 3066 satellites
1030 3023 1109 3066 suos
1124 3004 1272 3066 exterius
1285 2982 1435 3084 mim,

166 3112 208 3175 ad
230 3110 434 3195 querendam
457 3111 603 3193 predam.
650 3108 696 3171 Et
717 3108 823 3172 multa
844 3108 933 3171 mala
958 3106 1107 3172 fecerunt
1129 3107 1194 3189 hijs
1214 3109 1271 3192 qui
1285 3083 1415 3177 {¹⁸02ssss

167 3217 266 3298 longe
282 3227 315 3279 et
331 3214 396 3296 hijs
411 3216 468 3297 qui
481 3233 586 3296 prope
597 3221 692 3276 erant
705 3214 737 3275 ln
754 3212 909 3275 omnibus
921 3212 1007 3275 villis
1019 3231 1078 3295 per
1089 3212 1271 3276 circuitum.
1285 3185 1421 3286 iiiinm‘

168 3321 301 3384 Diuites
327 3321 416 3383 enim
444 3320 622 3401 capiebant
649 3327 683 3381 et
709 3317 850 3380 uinculis
879 3318 1085 3400 mancipatos
1112 3316 1273 3380 tenebant
1285 3286 1409 3438 ἓὲἓέιῖτξι

166 3423 318 3505 captiuos
333 3440 507 3503 quousque
523 3419 669 3482 facerent
685 3417 962 3500 redempcionem.
1008 3417 1101 3482 Oues
1116 3418 1222 3482 eciam
1238 3427 1272 3481 et
1284 3442 1398 3488 eoum.

165 3530 277 3604 boues,
298 3527 435 3592 bladum
458 3536 491 3588 et
515 3524 669 3600 brasium,
693 3533 728 3587 et
746 3523 904 3605 quicquid
929 3523 1086 3586 Inuadere
1109 3532 1271 3606 poterant,

167 3652 272 3715 usque
295 3633 328 3694 ln
355 3629 502 3694 Insulam
526 3627 775 3691 transtulerunt

234 3735 391 3819 Quodam
421 3755 501 3798 uero
530 3734 585 3797 die
615 3733 709 3797 uenit
737 3733 877 3815 quidam
909 3732 1055 3797 ribaldus
1083 3732 1126 3796 de
1159 3732 1272 3797 Insula

168 3839 283 3904 uolens
306 3839 431 3903 malum
453 3838 561 3902 Iacere
582 3837 765 3900 secundum
786 3838 968 3913 consueuit,
984 3846 1017 3900 et
1038 3856 1114 3901 ecce
1134 3837 1270 3921 quidam

167 3942 211 4007 de
241 3943 350 4025 patria
379 3950 541 4005 uenerunt
570 3950 605 4004 et
631 3960 708 4003 eum
739 3949 977 4015 arestauerunt,
1003 3950 1038 4004 et
1067 3941 1175 4022 capud
1202 3941 1273 4005 eius

168 4055 434 4131 amputauerunt.
481 4047 526 4110 Et
546 4055 624 4128 post
644 4064 769 4127 paucos
790 4045 862 4108 dies
882 4046 1036 4111 exierunt
1060 4045 1180 4109 milites
1196 4066 1271 4109 cum

169 4152 382 4217 multitudIne
406 4161 620 4227 armatorum,
642 4159 676 4213 et
698 4170 758 4232 per
780 4150 912 4213 diuersa
935 4150 1008 4213 loca
1033 4150 1144 4231 Ignem
1168 4170 1271 4233 appo·
1286 4132 1422 4234 {illm

169 4266 311 4320 suerunt.
351 4255 505 4319 Tandem
518 4267 680 4319 uenerunt
692 4256 734 4318 ad
749 4256 932 4317 manerium
946 4254 1067 4317 Prioris
1079 4256 1111 4317 in
1130 4255 1272 4331 Brunne,
1284 4233 1334 4326 {II}
1344 4233 1437 4327 iffi.

169 4370 203 4424 et
220 4360 263 4424 ibi
283 4361 394 4442 Ignem
417 4368 652 4442 apposuerunt,
668 4369 702 4422 et
718 4359 834 4422 horrea
852 4358 972 4422 Prioris
991 4380 1066 4421 cum
1084 4369 1156 4423 toto
1171 4359 1272 4423 blado
1287 4341 1410 4426 353?ss
