3192 5067
145 295 202 394 v1]
413 298 610 372 Hundrcd
631 295 679 393 os
696 294 983 391 Hirstingstonc
1179 311 1245 384 271

210 482 422 550 Folkeswithe
453 481 722 568 [Folkesworthl
773 481 941 545 Henricus
972 479 1016 542 de
1048 475 1252 542 Folkeswitll

145 595 240 652 tenet
271 589 370 654 feoda
401 591 441 673 .ij.
473 589 617 654 militum
649 595 682 652 et
713 585 756 650 de
782 582 883 648 feodo
911 580 1066 657 Bolebec,
1088 591 1123 646 et
1153 580 1254 649 debet

146 702 283 758 sectam.
329 695 374 759 Et
397 703 475 758 sunt
499 694 543 758 ibi
567 692 632 774 diij.
655 690 734 756 hide
755 687 947 772 geldabiles.

222 797 420 882 Wassingele
443 795 698 883 [Washingleyl
744 794 914 858 Walterus
939 793 983 857 de
1007 791 1197 874 Wassingel
1220 799 1255 854 et
1268 797 1286 848 r.
1301 813 1346 862 ¹⁵5

147 901 336 967 Willelmus
365 903 408 968 de
436 905 521 968 Pirie
548 911 664 967 tenent
692 900 791 964 feoda
813 899 841 980 .j.
874 897 989 961 militis
1021 905 1054 961 et
1081 896 1125 960 de
1156 893 1255 959 feodo

149 1004 305 1083 Luuetot‚
320 1018 354 1071 et
378 1019 455 1073 sunt
479 1008 525 1090 iiij
549 1005 657 1090 [hide]
680 1003 866 1088 geldabiles
889 1004 922 1065 in
946 1002 1075 1066 eadem.
1120 999 1255 1064 Debent

147 1130 249 1175 vnam
265 1121 400 1177 sectam.

213 1215 417 1299 Aillingtm
436 1215 649 1300 [Ellingtonl
695 1213 815 1276 Abbas
835 1214 879 1276 de
896 1212 1087 1293 Rameseya
1106 1218 1198 1274 tenet
1213 1231 1257 1274 .x.

148 1320 244 1384 hidas
263 1329 349 1386 terre
369 1321 553 1406 geldabiles
572 1321 615 1385 de
637 1319 776 1384 domino
799 1318 902 1400 Rege.
939 1317 970 1400 J.
992 1316 1035 1381 de
1058 1315 1258 1398 Aillington,
1368 1377 1371 1382 .

150 1424 315 1489 Radulsus
353 1424 440 1489 filius
469 1425 640 1502 willelmi,
670 1435 705 1489 et
742 1421 940 1487 Alexander
977 1421 1065 1485 filius
1095 1419 1258 1485 willelmi

149 1525 275 1594 debent
297 1529 325 1610 .j.
349 1539 484 1594 sectam.

219 1630 381 1698 Caldecote
397 1632 615 1717 [Caldecotel
647 1634 812 1698 Ricardus
827 1631 870 1695 de
887 1631 1022 1696 Lindes'
1032 1639 1124 1695 tenet
1138 1628 1258 1695 Calde-

149 1745 224 1800 cote
239 1757 301 1820 pro
316 1738 418 1801 tercia
433 1746 529 1821 parte
544 1738 573 1820 .j.
590 1738 704 1802 militis
719 1737 763 1802 de
775 1735 936 1800 Ysabella
952 1735 995 1799 de
1012 1735 1104 1799 Burs.
1146 1733 1193 1798 Et
1208 1743 1260 1798 est

150 1842 194 1905 de
209 1841 336 1906 honore
354 1841 578 1925 Huntyndon.

216 1944 363 2010 Dentone
377 1945 553 2030 [Denton].
599 1945 763 2010 Ricardus
778 1944 822 2010 de
838 1942 1000 2009 Beineuill
1015 1952 1109 2008 tenet
1124 1941 1260 2011 feodum

151 2048 180 2132 .j.
212 2050 326 2114 militis
355 2051 399 2114 de
428 2051 586 2134 episcopo
624 2050 851 2115 Lincolniensi
887 2049 986 2114 simul
1019 2067 1096 2112 cum
1127 2047 1261 2112 Wande

153 2267 186 2322 et
203 2259 304 2322 debet
319 2259 524 2342 pontagium.

221 2359 344 2426 Sautre
364 2361 509 2444 [Sawtry
527 2361 584 2425 All
601 2361 716 2428 Saints
737 2363 804 2426 and
824 2362 857 2428 S.
874 2359 1046 2443 Andrew].
1093 2360 1262 2424 Robertus

153 2465 196 2529 de
219 2466 400 2548 Beumeys¹
416 2475 508 2530 tenet
530 2464 665 2538 feodum
688 2465 717 2547 .j.
739 2465 855 2530 militis
869 2465 913 2528 de
934 2464 1033 2530 feodo
1056 2465 1213 2541 Luuetot,
1227 2473 1262 2530 et

156 2569 257 2633 debet
284 2569 314 2652 .j.
338 2578 475 2633 sectam.
522 2567 574 2634 W.
597 2569 640 2632 de
665 2569 804 2632 Vernun
828 2578 921 2633 tenet
947 2566 1082 2633 feodum
1107 2570 1261 2632 suumin

157 2672 277 2737 Sautre
297 2672 340 2736 de
362 2672 500 2737 baronia
520 2671 746 2755 Rames[eye],
761 2682 797 2737 et
816 2681 895 2736 sunt
916 2671 963 2736 ibi
984 2680 1017 2736 et
1038 2671 1071 2735 in
1094 2670 1262 2736 Ledditon

157 2776 312 2861 [Lutton]
334 2776 397 2858 .vij.
418 2776 496 2840 hide
518 2776 711 2859 geldabilos.
756 2777 810 2840 W.
833 2776 864 2839 le
888 2775 960 2858 Eyr
982 2775 1062 2839 saclt
1083 2774 1112 2857 .j.
1135 2784 1262 2839 sectam

156 2899 217 2963 pro
240 2877 379 2943 Oliuero
403 2877 433 2941 le
458 2879 584 2961 Moyne
609 2888 643 2943 et
665 2879 718 2944 W.
741 2879 785 2942 de
807 2878 954 2942 Vernun.

224 2980 639 3066 Conitone[Connington].
672 2982 815 3048 lsabella
825 2981 869 3046 de
879 2982 964 3046 Burs
975 2990 1069 3046 tenet
1078 2982 1262 3047 manerium

156 3091 200 3154 de
216 3087 310 3171 Rege
331 3087 456 3154 Scocie.
502 3087 548 3151 Et
564 3097 614 3151 est
630 3086 673 3152 de
689 3089 815 3152 honore
833 3088 1133 3171 Huntyndononie.

231 3190 376 3255 Waltone
391 3191 516 3274 [Wood
535 3191 694 3275 Walton}
740 3191 930 3256 Willelmus
951 3191 983 3272 le
999 3191 1124 3256 Bretun
1141 3191 1264 3258 Custos

157 3295 288 3361 heredis
302 3295 440 3359 Roberti
456 3295 500 3358 de
513 3294 643 3359 Benuill
656 3304 748 3359 tenet
759 3316 797 3359 .v.
810 3295 907 3359 hidas
921 3295 1105 3378 geldabiles
1120 3306 1265 3380 excepto

161 3401 350 3485 Hykeneye
365 3398 408 3464 de
424 3399 561 3464 Abbate
576 3400 619 3463 de
636 3397 855 3484 Rames[eye]
871 3409 906 3464 et
920 3399 1022 3466 debet
1036 3398 1065 3482 .j.
1081 3409 1217 3465 sectam.

228 3503 372 3570 Clactone
380 3503 534 3587 [Glatton
545 3505 625 3568 with
638 3503 786 3587 Holme].
819 3502 1266 3588 BaldewynusdeRuperiis

158 3618 251 3672 tenet
275 3607 374 3672 seoda
397 3630 433 3672 .v.
458 3606 602 3672 militum
626 3610 669 3672 de
692 3607 790 3672 feodo
816 3607 1002 3691 Bon0n[ie].
1047 3607 1160 3673 Debet
1183 3629 1265 3691 pon·

158 3713 295 3796 tagium.

290 3831 492 3896 Hundredus
513 3833 552 3897 de
574 3831 825 3918 Hyrstlingtone
845 3831 1136 3917 [Hirstingstonel

227 3945 484 4010 Memorandum
511 3946 603 4030 quod
632 3945 751 4010 Abbas
773 3943 845 4030 [de]
874 3945 1092 4030 Rames[eye]
1116 3956 1209 4014 tenet
1232 3949 1266 4014 in

161 4052 251 4115 dicto
266 4049 442 4114 hundredo
458 4049 612 4134 Sclepam
627 4049 758 4134 [Slepe]
770 4071 846 4114 cum
863 4049 954 4127 soka,
963 4050 1088 4116 scilicet
1105 4051 1266 4118 Sanctum

161 4155 317 4219 Yuonem
341 4152 395 4237 [St
418 4153 516 4238 lves],
533 4154 769 4236 Niddingwrth
790 4152 1093 4239 [Needingworth],
1112 4156 1266 4222 Haliwell

163 4257 370 4346 [Holywell],
386 4259 626 4343 Weldhyrston
648 4258 731 4342 [Old
751 4259 881 4343 Hurst]‚
901 4259 1126 4343 Wendehyrst
1141 4262 1267 4346 [Wood

606 4369 615 4401 ¹
634 4371 755 4437 Beuneys,
771 4371 830 4422 Ms.
