3192 5067
343 397 390 469 54
693 376 754 476 Of
781 378 950 451 Wllz'am
974 378 1103 477 Rufus
1328 378 1449 479 [Boon

339 575 475 619 suorum
507 556 640 640 Regum
671 557 797 641 Anglie
823 578 929 641 usque
959 559 992 623 in
1023 567 1212 641 presentem
1239 558 1340 636 diem,
1366 559 1448 624 utile

340 659 474 724 uidetur
495 661 557 725 sub
579 660 744 726 breuitate
766 671 997 727 transcurrere.

176 788 285 849 ormng
406 764 510 828 Anno
546 764 692 828 Domini·
723 770 777 829 m⁰.
809 766 867 830 lx⁰.
896 767 961 830 vii⁰.
993 778 1154 851 regnante
1190 766 1343 832 Haroldo
1379 767 1449 832 filio

175 838 329 940 ilblffii
342 866 517 950 Godwyni,
536 877 570 931 et
588 866 679 950 apud
699 866 974 951 Stamphordiam
994 868 1027 932 in
1052 868 1139 932 bello
1162 876 1349 952 occupato¹,
1366 868 1448 933 Wil-

175 939 292 1042 aaut.
341 971 459 1036 lelmus
472 973 613 1037 Bastard
627 971 750 1037 Comes
763 972 969 1038 Normannie
985 974 1146 1057 Angliam
1163 974 1273 1053 intrat,
1289 983 1322 1039 et
1338 974 1446 1057 ipsum

343 1078 531 1142 Haroldum
569 1076 733 1142 interficit
793 1076 861 1161 Qui
891 1077 1042 1161 sepultus
1077 1088 1129 1142 est
1166 1078 1200 1142 in
1230 1078 1370 1143 ecclesia
1405 1080 1448 1143 de

340 1181 523 1259 waltham,
545 1202 635 1246 anno
658 1182 751 1264 regni
774 1183 825 1245 sui
849 1181 966 1263 primo.
1431 1166 1439 1183 ⁰

405 1286 594 1351 Willelmus
607 1286 757 1364 Bastard‚
769 1288 826 1370 qui
839 1296 873 1351 et
885 1286 1008 1351 nothus
1019 1286 1149 1365 dicitur,
1161 1296 1267 1351 totam
1286 1286 1446 1371 Angliam

339 1390 401 1454 sibi
425 1391 554 1468 subicit,
577 1401 611 1454 et
635 1390 813 1455 Londonie
836 1390 869 1455 in
894 1411 1004 1474 regem
1029 1399 1206 1455 coronatur
1228 1390 1272 1456 ab
1295 1392 1447 1456 Aldredo

340 1496 544 1560 Eboracensi
579 1494 836 1578 archiepiscopo.
893 1493 1005 1560 Swani
1042 1493 1146 1579 Regis
1178 1496 1352 1562 Danorum
1388 1497 1446 1580 filij

338 1620 415 1663 cum
431 1600 573 1665 nauibus
588 1600 690 1664 ccxl.
711 1600 745 1663 in
767 1600 1048 1665 Norhumberiam
1069 1601 1194 1665 intrant
1214 1612 1248 1665 et
1269 1601 1446 1685 applicant.

339 1703 527 1768 Willelmus
558 1724 618 1767 rex
649 1724 689 1768 eo
719 1702 860 1767 tendens
891 1713 998 1767 totam
1031 1702 1331 1768 Norhumberiam¹
1361 1704 1447 1768 ferro

176 1814 307 1868 nomm.
338 1818 373 1873 et
399 1808 534 1873 flamme
560 1810 671 1886 tradit,
695 1808 782 1873 vnde
809 1820 843 1873 et
869 1808 974 1872 sames
998 1817 1113 1873 secuta
1135 1817 1186 1873 est
1210 1808 1447 1874 intollerabilis.

340 1912 453 1978 Cnuth
475 1915 650 1979 Danorum
671 1933 732 1976 rex
752 1933 829 1976 cum
847 1932 971 1993 magno
986 1922 1149 1996 apparatu
1171 1913 1331 1997 Angliam
1354 1914 1446 1978 inua-

340 2018 419 2082 dere
430 2028 535 2101 parat,
546 2020 604 2081 sed
616 2016 804 2081 Willclmus
815 2036 884 2094 rex,
893 2017 1151 2100 circumquaque
1162 2016 1276 2081 accitis
1287 2016 1447 2081 militibus

340 2131 374 2186 et
400 2120 590 2205 sagittarijs,
616 2120 778 2204 Angliam
806 2119 905 2184 ualde
931 2130 1059 2204 grauat,
1085 2130 1119 2185 et
1151 2118 1275 2185 Cnuthi
1306 2131 1446 2186 conatus

176 2253 269 2305 nnec.
278 2254 328 2295 10⁶⁶
340 2226 530 2290 adnichilat
576 2227 623 2290 Et
643 2234 821 2288 coronatus
841 2233 893 2287 est
913 2224 975 2287 iste
991 2222 1176 2288 Willelmus
1198 2224 1340 2288 Bastard
1357 2245 1446 2289 anno

340 2332 467 2395 domini
480 2338 543 2395 .m⁰.
560 2330 618 2395 lx⁰.
633 2328 700 2412 vij⁰.
740 2328 807 2392 Hic
823 2328 917 2393 dedit
931 2328 1058 2410 Pycoto
1070 2328 1255 2393 vicecomiti
1273 2328 1443 2392 baroniam

339 2437 397 2519 qui
420 2436 482 2500 fuit
503 2434 660 2500 fundator
680 2434 916 2498 canonicorum
937 2435 980 2497 de
1008 2431 1230 2516 cantebrigia
1277 2433 1446 2515 Regnauit

339 2550 452 2606 autem
474 2542 554 2605 ‚xxi
577 2540 681 2617 annis,
700 2548 735 2603 et
757 2546 908 2601 mortuus
930 2546 991 2612 est,
1014 2545 1048 2599 et
1069 2535 1218 2619 sepultus
1241 2546 1293 2601 est
1317 2537 1350 2599 in
1375 2557 1445 2601 mo-

340 2646 484 2709 nasterio
505 2645 547 2708 de
569 2644 659 2707 Kam
681 2644 714 2706 in
732 2640 964 2706 Normannia⁸.
1008 2640 1076 2703 Iste
1092 2638 1280 2704 Willelmus
1301 2660 1362 2704 rex
1385 2661 1446 2724 pro

339 2748 515 2813 animabus
542 2748 790 2812 interfectorum
824 2746 856 2809 in
889 2743 976 2807 bello
1005 2764 1065 2826 per
1094 2745 1165 2807 eius
1194 2747 1379 2809 aduentum
1410 2746 1443 2807 in

339 2849 511 2933 Angliam,
532 2848 687 2913 fundauit
710 2846 822 2911 nobile
846 2844 1087 2909 Monasterium
1111 2846 1153 2909 de
1178 2843 1279 2908 Bello

657 3016 707 3082 31.
752 2998 805 3062 De
835 2998 994 3063 Willelmo
1015 2996 1124 3079 Ruffe

175 3166 284 3228 ormng
405 3140 571 3203 Robertus
594 3138 758 3203 Curthuse
779 3134 842 3199 suit
863 3134 1102 3219 primogenitus
1126 3134 1265 3216 predicti
1286 3132 1444 3198 Willelmi

175 3218 324 3321 liflfflpt,
339 3244 481 3309 Bastard
504 3253 539 3307 et
561 3242 645 3324 abijt
667 3242 700 3305 in
727 3252 848 3305 terram
872 3250 1024 3305 sanctam
1051 3240 1161 3303 adhuc
1189 3240 1323 3303 uiuente
1350 3250 1444 3323 patre

174 3319 406 3439 mucosum
453 3349 499 3413 Et
526 3349 681 3431 Paganus
712 3345 848 3409 Peuerel
880 3345 942 3410 fuit
969 3344 1093 3409 ibidem
1120 3343 1257 3427 signifer
1283 3344 1361 3418 eius,
1386 3344 1443 3426 qui

336 3462 455 3535 postea
480 3450 541 3515 fuit
566 3449 705 3513 ecclesie
731 3448 773 3512 de
798 3448 1000 3512 Bernewelle
1031 3457 1201 3531 patronus.
1247 3447 1291 3511 Et
1322 3448 1441 3511 eodem

338 3556 488 3621 Roberto
513 3555 652 3619 absente
678 3552 817 3617 tradidit
844 3552 1013 3635 predictus
1044 3572 1104 3614 rex
1136 3550 1307 3615 Willelmo
1340 3550 1441 3616 Rufio

335 3660 404 3724 filio
419 3681 481 3723 suo
496 3657 643 3723 secundo
660 3677 798 3741 regnum
813 3656 938 3739 Anglie
955 3657 989 3720 in
1005 3655 1198 3720 infirmitate
1209 3677 1276 3739 qua
1293 3666 1442 3721 mortuus

334 3777 393 3831 est
424 3764 471 3828 Et
485 3785 506 3828 a
523 3762 711 3827 Lansranco
722 3762 973 3846 archiepiscopo
986 3761 1217 3826 Cantuariensi
1230 3772 1442 3825 consecratus

334 3867 414 3953 [est]
437 3869 470 3931 in
490 3866 630 3931 ecclesia
650 3866 757 3929 sancti
779 3865 868 3929 Petri
885 3864 1184 3947 Westmonasterij.
1233 3864 1308 3941 Hic,
1326 3864 1442 3929 diuisis

334 3973 497 4038 thesauris
513 3970 617 4053 patris
633 3969 683 4032 sui
699 3968 847 4051 ecclesijs
863 3980 897 4033 et
913 3968 1122 4052 pauperibus
1134 3970 1263 4033 vinctos
1276 3990 1393 4033 omnes
1406 3970 1439 4033 in

334 4078 461 4160 Anglia
483 4097 504 4139 a
526 4074 666 4139 uinculis
689 4075 797 4139 soluit.
845 4074 911 4138 Hic
934 4074 1045 4138 aulam
1070 4076 1194 4156 regiam
1217 4075 1307 4157 apud
1331 4073 1441 4136 West-

381 4206 390 4237 ¹
408 4206 464 4255 'l'he
474 4205 553 4255 battle
564 4202 594 4251 ol
602 4202 731 4254 Stamlord
744 4204 836 4268 Bridge
848 4219 898 4253 was
910 4204 998 4268 fought
1011 4218 1039 4266 25
1053 4206 1124 4268 Sept.
1141 4202 1210 4254 1066.

380 4286 688 4346 'Norbamhumberiam
708 4287 765 4336 MS.

380 4372 391 4401 ³
407 4370 519 4420 William
535 4370 594 4419 died
609 4380 635 4419 at
652 4370 750 4431 Rouen,
768 4370 869 4434 98ept.
889 4371 959 4433 1087,
975 4369 1026 4417 and
1042 4384 1093 4418 was
1108 4368 1196 4419 buried
1210 4368 1236 4417 in
1254 4367 1281 4419 S.
1298 4366 1442 4432 Stephen’s.

332 4455 409 4508 Caen.
