3192 5067
350 325 420 414 248
623 325 820 400 Hundred
839 327 887 423 os
904 326 1173 425 Armingford
1331 326 1452 425 [soor

420 505 571 588 Wendeye
593 507 766 593 [Wendy].
813 510 924 574 Alicia
944 512 1016 574 sine
1038 512 1189 576 Mauntei
1212 522 1246 575 et
1273 513 1454 596 participes

347 613 396 674 sui
421 621 535 676 tenent
559 615 742 678 manerium
766 615 810 678 de
831 615 931 679 feodo
953 616 1134 680 Camerarii
1149 639 1209 700 per
1224 617 1395 700 socagium
1411 617 1455 679 de

346 716 472 780 honore
495 718 717 784 Richmondie
735 729 769 783 et
784 720 886 784 debet
900 722 929 785 .i.
945 732 1082 798 sectam,
1097 731 1131 786 et
1151 723 1195 786 de
1217 721 1344 784 auxilio
1366 722 1454 784 vice-

346 819 479 882 comitis
513 843 581 885 .x.r.
611 832 645 885 et
679 833 757 887 sunt
792 823 917 889 ibidem
948 825 1011 907 vij.
1041 826 1120 890 hide
1156 825 1339 908 geldabiIes
1374 845 1453 888 cum

349 925 538 990 Knetswith
563 927 814 1011 [Kneesworth]
836 950 902 1012 que
925 939 975 993 est
998 930 1041 995 de
1064 930 1163 995 feodo
1185 930 1376 995 Camerarii

423 1030 569 1094 Waddon
603 1031 824 1115 [Whaddon].
884 1033 1054 1098 GalIridus
1087 1037 1130 1098 de
1167 1034 1323 1100 Scaiariis
1361 1043 1454 1097 tenet

348 1133 445 1198 seoda
461 1135 513 1218 iij.
531 1135 673 1201 militum
692 1136 735 1202 de
755 1137 856 1202 feodo
870 1138 914 1203 de
935 1138 1092 1204 Scalariis
1112 1149 1145 1203 et
1165 1139 1266 1202 debet
1280 1140 1310 1202 .i.
1324 1147 1453 1202 sectam
1586 1178 1587 1191 κ

346 1259 447 1322 quam
465 1240 613 1305 Thomas
634 1241 676 1304 de
694 1241 850 1306 Waddon
873 1241 952 1306 iacit
970 1263 1032 1325 pro
1048 1264 1099 1319 eo,
1114 1252 1147 1307 et
1165 1243 1208 1307 de
1223 1241 1351 1306 auxilio
1364 1241 1453 1305 vice·

346 1341 478 1407 comitis
503 1343 590 1427 viis.
617 1343 699 1428 .vj.d.
724 1365 801 1408 cum
827 1346 987 1428 homagio
1009 1367 1071 1410 suo
1101 1347 1144 1410 de
1174 1347 1318 1410 Mordon
1343 1355 1379 1408 et
1407 1344 1454 1408 de

348 1448 557 1514 Knethwrth.
607 1449 736 1514 Ibidem
770 1449 935 1514 Radulfus
964 1451 1007 1516 de
1038 1452 1163 1518 Saham
1194 1460 1287 1515 tenet
1316 1449 1452 1514 feodum

344 1553 474 1618 dimidii
492 1553 606 1618 militis
621 1553 664 1618 de
685 1554 812 1619 honore
833 1555 1065 1633 Richmondie,
1085 1555 1206 1640 etipse
1226 1565 1261 1619 et
1281 1553 1453 1618 Galiridus

346 1657 472 1742 Turpin
496 1658 621 1723 debent
636 1660 664 1722 .i.
685 1668 811 1724 sectam
834 1671 868 1724 et
890 1669 1008 1724 tenent
1029 1659 1204 1724 dimidiam
1228 1660 1341 1725 hidam
1364 1667 1454 1721 terre

344 1761 555 1846 geldabilem.
603 1763 733 1828 Ibidem
749 1774 829 1828 sunt
844 1762 886 1846 .ij.
902 1762 979 1828 hide
994 1773 1029 1826 et
1049 1763 1189 1828 dimidia
1209 1761 1391 1846 geidabiles
1405 1761 1453 1824 de

344 1865 502 1952 homagio
518 1866 688 1950 matfridi]
703 1868 745 1933 de
762 1867 926 1934 Scalariis.

409 1971 592 2056 Litlington
621 1971 850 2055 [Litlington].
911 1972 1049 2036 Hamon
1083 1973 1126 2036 de
1156 1970 1326 2054 Valeynes
1355 1979 1452 2034 tenet

344 2074 519 2140 dImidium
534 2075 622 2140 feodi
636 2076 750 2141 militis
761 2097 838 2142 cum
853 2077 951 2141 feodo
962 2077 1095 2142 Ricardi
1110 2076 1235 2158 Biboys
1248 2077 1280 2140 in
1295 2075 1452 2158 Habing-

344 2188 403 2243 ton
419 2179 461 2244 de
481 2181 619 2245 Honore
635 2180 775 2245 Comitis
792 2180 979 2245 Glouemie.
1026 2179 1157 2244 ibidem
1175 2177 1390 2262 W[ilIelmus]
1406 2178 1451 2242 de

348 2283 478 2371 Hobrig
500 2294 593 2350 tenet
614 2285 748 2350 feodum
772 2285 902 2350 dimidii
926 2284 1040 2349 militis
1058 2287 1101 2350 de
1116 2285 1249 2350 Comite
1269 2284 1451 2348 Glouemie

345 2385 388 2450 de
402 2387 504 2452 veteri
521 2389 721 2466 testimonio,
737 2399 770 2453 et
787 2410 875 2453 nunc
896 2389 1006 2453 reddit
1028 2389 1205 2452 servicium
1227 2388 1314 2450 feodi
1329 2396 1450 2470 quarte

252 2497 269 2547 f.
286 2499 330 2562 ¹4⁶
345 2491 447 2573 partis
482 2492 511 2574 .j.
548 2493 668 2557 militis.
730 2493 928 2557 Alexander
963 2493 993 2556 le
1028 2494 1156 2575 Moyne
1190 2501 1282 2556 tenet
1313 2491 1448 2556 feodum

343 2594 473 2660 dimidii
498 2597 611 2661 militis
634 2598 677 2661 de
699 2599 821 2662 comite
844 2598 1032 2662 Glouemie.

410 2697 635 2784 Bassingburn
658 2700 947 2785 [Bassingbourn].
994 2701 1182 2764 Willelmus
1207 2701 1237 2764 le
1262 2701 1332 2764 Rus
1355 2709 1448 2764 tenet

345 2802 478 2867 feodum
495 2804 623 2868 dimidii
649 2805 762 2868 militis
783 2805 826 2869 de
845 2805 984 2868 domino
1007 2805 1100 2886 Rege
1122 2807 1154 2868 in
1176 2807 1291 2887 capite.
1339 2804 1448 2868 Maria

346 2905 469 2970 Martin
500 2917 592 2972 tenet
619 2907 648 2989 .j.
678 2908 791 2972 hidam
823 2919 909 2973 terre
939 2908 1139 2990 geidabiiem
1179 2929 1237 2991 per
1271 2908 1446 2972 servicium

343 3011 472 3074 dimidii
496 3012 610 3075 militis
625 3011 667 3074 dc
687 3011 785 3075 seodo
800 3010 843 3075 de
859 3011 1015 3076 Scalariis
1031 3021 1065 3075 et
1080 3012 1181 3076 debet
1201 3021 1337 3086 sectam,
1350 3022 1384 3076 et
1404 3013 1449 3076 de

343 3113 471 3178 auxilio
486 3115 691 3179 vicecomitis
707 3115 773 3196 ,ij.s.

409 3218 448 3282 K
450 3219 607 3284 reeenvrtlz
645 3218 904 3303 [Kneesworth].
966 3221 1132 3284 Martinus
1169 3220 1378 3286 Camerarius
1415 3230 1449 3284 et

346 3322 510 3387 Raduisus
531 3322 573 3388 de
595 3323 731 3388 Denton
751 3333 867 3388 tenent
883 3323 947 3405 iiij.
968 3333 1098 3406 partem
1122 3323 1209 3388 feodi
1224 3326 1252 3388 .i.
1269 3324 1384 3388 militis
1404 3324 1449 3388 de

344 3426 470 3492 honore
493 3428 716 3494 Richmondie
743 3439 776 3493 et
805 3428 971 3493 Martinus
993 3429 1094 3492 debet
1116 3430 1290 3494 dimidiam
1313 3440 1449 3494 sectam.

346 3531 473 3598 Omnes
496 3531 596 3597 libere
618 3542 769 3598 tenentes
793 3533 918 3597 debent
940 3533 1039 3596 aliam
1064 3533 1236 3598 dimidiam
1261 3544 1396 3611 sectam,
1413 3545 1449 3598 et

345 3646 417 3702 tota
432 3637 547 3702 villata
561 3637 662 3703 debet
678 3638 719 3701 de
738 3639 866 3703 auxilio
883 3639 1086 3702 vicecomitis
1102 3639 1192 3721 .iiij.s.
1238 3640 1324 3704 Sunt
1347 3639 1392 3703 ibi
1409 3639 1451 3702 .ii.

344 3743 422 3808 hide
437 3742 626 3826 geldabiles.

412 3847 795 3932 Crazvdene[Croydon].
834 3847 1004 3912 Robertus
1016 3846 1188 3912 Sulleman
1205 3858 1297 3911 tenet
1313 3847 1448 3911 feodum

344 3955 372 4018 .i.
389 3955 502 4018 militis
514 3956 557 4019 de
572 3955 728 4019 Hamone
741 3955 858 4030 Peche‚
871 3965 904 4018 et
920 3954 1022 4018 debet
1034 3955 1061 4017 .i.
1074 3963 1209 4028 sectam,
1220 3963 1254 4017 et
1265 3954 1309 4017 de
1320 3952 1449 4016 auxilio

345 4059 548 4124 vicecomitis
568 4059 655 4141 .in.s.,
674 4071 707 4124 et
727 4061 769 4124 de
784 4061 898 4123 warda
919 4058 1028 4123 Castri
1045 4058 1129 4122 infra
1150 4078 1275 4122 annum
1297 4067 1331 4120 et
1349 4058 1448 4122 dimi-

344 4164 436 4227 dium
456 4163 629 4228 dimidiam
651 4185 806 4228 marcam.
853 4163 984 4229 Ibidem
1009 4162 1173 4227 Radulfus
1196 4161 1284 4226 fiiius
1305 4161 1448 4242 Jocelini

344 4277 377 4332 et
411 4268 609 4332 Humiridus
639 4267 682 4331 ad
710 4267 951 4332 Monasterium
983 4266 1107 4330 debent
1132 4267 1175 4330 de
1205 4265 1333 4329 auxilio
1362 4267 1448 4330 vice-

345 4372 476 4434 comitis
502 4372 575 4435 ,καί
623 4371 752 4435 Alanus
782 4373 826 4436 de
856 4372 1003 4454 Fugeres
1033 4379 1126 4434 tenet
1156 4369 1290 4434 feodum
1317 4369 1448 4434 dimidii
