3192 5067
338 354 405 403 122
424 331 577 405 Bourne
602 333 726 421 bumt,
753 332 835 407 and
855 333 1057 407 Bamwell
1078 332 1300 407 threatened
1316 332 1436 432 [Boox

332 515 422 597 quod
443 516 489 580 ibi
508 526 579 580 erat
598 518 800 583 deecclesia
819 529 854 583 et
876 519 920 584 de
938 520 1043 584 tribus
1066 521 1228 585 carucatis
1250 528 1337 585 terre
1359 540 1436 584 con-

332 630 571 685 cremauerunt
619 621 786 686 Homines
817 643 895 687 uero
926 622 1013 687 illius
1043 622 1122 687 uille
1152 623 1316 705 sugerunt,
1342 631 1377 687 et
1403 622 1436 685 in

170 749 238 791 now
332 733 428 789 tanto
458 726 639 790 infortunio
669 748 736 791 non
763 728 826 792 suit
856 728 913 812 qui
944 728 1126 793 adiuuaret.
1173 728 1305 793 Cotidie
1331 728 1437 791 eciam

168 799 249 943 {inlu
237 797 308 941 ”plin
332 841 496 895 uenerunt
518 831 659 896 ministri
682 832 867 916 iniquitatis
890 831 933 897 ad
959 832 1145 897 Prioratum
1170 832 1212 897 de
1237 830 1437 897 Bemewelle

168 905 318 1042 :trigenum
312 943 367 1002 ‚et
391 934 435 997 ibi
459 936 677 1000 comederunt
700 946 734 1000 et
756 936 921 1014 biberunt,
941 947 976 1001 et
997 958 1155 1021 magnam
1178 936 1436 1001 destnrctionem

168 1050 293 1152 nrfngreq
251 1052 315 1093 ιιιιι
333 1032 488 1099 iecerunt.
526 1036 687 1101 Canonici
701 1058 780 1101 uero
780 1038 954 1120 ,quamuis
969 1038 1128 1115 nolentes
1140 1038 1270 1103 uultum
1286 1035 1436 1101 hillarem

169 1152 264 1195 ιιιιιιι
287 1134 381 1201 eis
411 1139 662 1221 pretendebant‚
692 1151 727 1205 et
756 1162 832 1205 cum
867 1142 915 1205 eis
952 1141 1175 1205 comedebant
1205 1152 1239 1205 et
1268 1140 1439 1215 bibebant,

170 1202 303 1293 presterned

167 1314 236 1345 mo
170 1252 320 1345 οιιῖιιιξω-
334 1263 466 1325 semper
488 1243 669 1307 hesitantes
692 1266 734 1309 ne
756 1245 901 1309 deterius
925 1246 1141 1328 contingeret.
1187 1244 1338 1328 Contigit
1358 1264 1438 1327 ergo

167 1354 293 1506 {We
334 1349 425 1431 quod
462 1349 600 1432 quidam
640 1351 691 1414 uir
727 1360 853 1415 stature
889 1372 1019 1435 magne,
1053 1350 1162 1416 dictus
1198 1350 1369 1434 Philippus
1406 1349 1436 1412 le

334 1452 534 1536 Champion,
559 1454 705 1518 diluculo
735 1454 815 1519 iecit
842 1454 987 1519 Priorem
1015 1456 1156 1519 excitari
1183 1456 1226 1519 de
1253 1454 1340 1517 lecto
1367 1473 1436 1528 suo,

332 1558 487 1640 dixitque
509 1558 553 1621 ad
576 1579 674 1622 eum:
707 1557 781 1622 Volo
802 1558 916 1623 habere
935 1559 984 1623 aa'
1001 1571 1078 1643 opus
1098 1559 1228 1624 demini
1249 1558 1315 1622 mei
1335 1567 1436 1622 tetum

332 1658 465 1724 bladum
486 1672 587 1738 mum,
601 1672 633 1725 et
651 1671 752 1726 tatum
773 1662 935 1726 braesium
956 1672 1058 1738 tuum,
1077 1672 1229 1725 ettotam
1251 1660 1436 1725 lardarium

333 1772 433 1827 tuum.
485 1762 592 1826 Trade
608 1764 716 1846 egitur
732 1762 818 1827 milei
835 1764 947 1827 claues.
987 1763 1241 1846 Responditque
1262 1763 1371 1826 Prior:
1396 1760 1439 1825 Si

332 1868 443 1931 amnia
458 1848 514 1929 uis'
525 1866 648 1944 habere,
664 1878 740 1932 tune
752 1888 816 1931 nan
823 1880 999 1951 possumus
1012 1866 1064 1931 liic
1071 1879 1269 1950 permanere.
1316 1866 1436 1949 Super-

334 1979 495 2033 uenerunt
515 1990 595 2034 uero
613 1972 682 2035 duo
702 1972 757 2054 alij
780 1974 837 2055 qui
858 1983 953 2036 erant
973 1972 1016 2036 de
1036 1972 1162 2035 familia
1184 1972 1311 2035 domini
1334 1971 1373 2035 R
1395 1969 1437 2034 de

336 2072 520 2149 Kerebrok,
535 2074 598 2156 qui
619 2082 690 2137 erat
711 2076 839 2138 amicus
861 2075 990 2153 Prioris,
1006 2075 1230 2158 dixeruntque
1249 2076 1293 2139 ad
1315 2072 1437 2155 Philip-

234 2178 252 2228 f·
264 2180 322 2242 45b
335 2196 437 2260 pum:
462 2176 584 2241 Omnia
599 2177 680 2241 bena
697 2177 793 2241 estius
808 2178 922 2241 damus
934 2188 1013 2243 sunt
1026 2187 1149 2260 seysyta
1163 2178 1212 2241 ad
1223 2188 1300 2260 opus
1314 2176 1441 2241 domim

335 2282 442 2345 nostri
457 2291 489 2345 et
505 2292 541 2346 tu
561 2281 615 2345 uis
631 2303 669 2346 ea
687 2281 843 2366 auferre?
888 2282 934 2346 Et
954 2283 1127 2365 Philippus
1143 2282 1210 2346 ait:
1232 2281 1306 2365 Ege
1328 2280 1438 2345 omnia

333 2386 499 2467 asportato
523 2386 613 2449 mala
631 2387 749 2468 gracia
774 2396 891 2452 uestra.
938 2387 984 2451 Et
1006 2387 1061 2471 alij
1086 2387 1344 2470 responderunt:
1370 2384 1440 2449 Per

326 2490 448 2573 plagas
467 2490 535 2554 Dei
550 2512 614 2555 nan
626 2492 742 2572 factes.
788 2492 834 2555 Et
854 2492 901 2555 sic
921 2502 994 2556 orta
1014 2500 1067 2555 est
1081 2492 1256 2555 contencio
1272 2492 1357 2554 inter
1371 2510 1438 2567 eos,

333 2604 367 2659 et
383 2604 605 2660 extraxerunt
615 2595 747 2678 gladios
758 2597 801 2659 ad
815 2604 932 2659 mutuo
944 2615 980 2659 se
995 2594 1240 2659 interficiendos
1256 2596 1289 2658 in
1305 2604 1436 2660 tantum

334 2700 425 2782 quod
446 2700 700 2764 circumstantes
721 2701 781 2763 uix
796 2709 952 2782 poterant
967 2720 1025 2763 eos
1045 2700 1169 2764 sedare.
1216 2700 1438 2765 Recesserunt

335 2824 414 2888 ergo
435 2824 512 2868 cum
532 2805 641 2869 surore
662 2824 786 2887 magno
807 2803 849 2868 ad
871 2804 1161 2868 determinandam
1178 2806 1386 2887 questionem
1404 2804 1437 2866 in

337 2907 450 2972 Insula
465 2928 576 2972 coram
593 2908 739 2972 dominis
753 2908 830 2985 suis,
846 2907 947 2972 nichil
963 2907 1026 2972 hac
1041 2908 1114 2971 uice
1129 2916 1347 2990 asportantes.

430 3163 480 3227 34
523 3146 575 3210 De
597 3146 739 3211 aduentu
760 3146 863 3231 Regis
885 3144 927 3210 H
928 3144 1056 3231 [ennea]
1077 3157 1109 3210 et
1128 3146 1197 3211 eius
1220 3166 1347 3212 recessu.
1405 3222 1408 3229 Ι

172 3268 343 3427 ffffitf,
399 3306 553 3372 Audiens
569 3318 682 3373 autem
699 3329 759 3373 rex
775 3311 864 3392 quod
885 3310 1046 3375 insulares
1062 3310 1168 3374 multa
1188 3308 1437 3374 malefacerent

171 3424 277 3460 “mm
334 3413 367 3475 in
383 3413 521 3476 circuitu
533 3413 624 3477 venit
639 3433 715 3477 cum
733 3434 857 3497 magno
870 3415 1019 3478 exercitu
1032 3414 1074 3478 ad
1088 3413 1201 3477 villam
1216 3412 1437 3496 Cantebrigie,

170 3468 270 3620 ,cmo
205 3468 320 3611 &lgm
273 3469 321 3520 dl
334 3526 368 3580 et
384 3517 429 3581 ibi
445 3516 684 3600 hospitabatur.
724 3517 801 3581 Rex
818 3539 897 3581 uero
913 3516 1123 3595 Alemannie,
1137 3516 1301 3581 Ricardus
1313 3518 1437 3581 scilicet

172 3636 212 3678 fle
198 3647 310 3679 ιιιιιιιι
297 3622 435 3687 ·srater
452 3623 563 3705 Regis,
579 3622 836 3706 hospitabatur'
828 3644 861 3687 m
879 3623 1029 3687 Prioratu
1044 3625 1088 3688 de
1105 3622 1313 3687 Bemewelle.
1360 3622 1437 3687 Rex

170 3692 244 3779 52:32
246 3686 314 3787 'qap
334 3748 413 3792 uero
429 3727 506 3792 iecit
521 3726 675 3792 edificare
690 3738 813 3811 portas,
829 3739 863 3792 et
879 3728 985 3792 facere
1001 3728 1167 3792 fossatas
1158 3748 1191 3792 m
1208 3729 1344 3793 circuitu
1360 3728 1438 3791 ville

169 3788 301 3931 {2⁶:¹¹}th
334 3854 410 3897 cum
427 3853 551 3915 magna
565 3832 751 3914 diligencia,
763 3854 823 3897 nec
840 3834 990 3915 permisit
1001 3834 1169 3916 operarios
1182 3833 1299 3899 diebus
1310 3831 1437 3897 sestiuis

171 3945 250 3981 *m-
334 3938 377 4002 ab
392 3957 492 4020 opere
504 3937 638 4018 incepto
649 3957 785 4002 cessare.
818 3937 962 4001 Ministri
975 3958 1054 4001 uero
1066 3938 1152 4019 regis
1164 3938 1286 4001 cotidie
1297 3936 1438 4001 exibant

334 4061 393 4125 per
412 4041 586 4104 circuitum
604 4040 717 4104 Insule
732 4043 759 4104 si
775 4043 860 4105 forte
875 4051 1013 4126 possent
1028 4041 1157 4124 aliquos
1178 4041 1221 4106 de
1240 4040 1437 4105 insularibus

333 4144 622 4229 comprehendere.
668 4144 836 4210 Exierunt
858 4166 937 4229 ergo
960 4145 1098 4228 quidam
1126 4147 1286 4210 insulares
1312 4147 1356 4210 de
1378 4165 1438 4209 sua

333 4252 455 4315 uirtute
485 4250 700 4327 confidentes,
726 4260 760 4314 et
790 4260 950 4332 ceperunt
981 4250 1069 4314 mala
1096 4249 1204 4315 iacere
1230 4251 1263 4315 in
1291 4251 1369 4315 villa
1395 4251 1438 4314 de

336 4354 645 4438 Hominggesheye‚
675 4354 858 4418 secundum
889 4354 979 4437 quod
1010 4363 1261 4431 consueuerant,
1291 4354 1324 4416 in
1360 4374 1438 4417 con·
