3192 5067
140 340 202 440 111]
447 347 485 419 T
479 349 632 421 axatz'on
658 347 705 444 of
723 349 946 446 Madingley
1180 370 1247 442 177

168 606 234 669 109.
282 587 449 655 Contencio
472 588 559 654 inter
578 589 730 654 Priorem
753 590 792 653 de
814 590 1007 655 Bernewelle
1026 600 1057 655 et
1077 590 1221 654 homines

310 695 349 759 de
371 694 584 777 Maddingele
599 707 662 778 pro
683 696 847 759 communi
866 696 1118 761 amerciamenta.

206 830 246 893 In
273 831 488 894 itineracione
512 831 769 913 justiciariorum
801 832 981 895 amerciata
1011 831 1072 895 suit
1099 831 1176 895 villa
1206 833 1250 896 de
1263 827 1382 919 {¹¹32}st

141 934 358 1019 Maddingele
378 936 421 999 ad
444 956 505 999 sex
527 956 665 1013 marcas,
679 946 713 999 et
734 935 797 1000 hoc
820 936 881 998 fuit
902 936 1000 999 nimis
1020 955 1122 1018 graue
1144 956 1248 999 amer·
1262 926 1409 1020 gad-indeo

139 1041 343 1103 ciamentum
367 1039 410 1104 ad
435 1050 504 1104 tam
529 1061 667 1123 paruam
688 1040 810 1103 villam.
857 1040 924 1105 Sed
948 1050 1120 1103 taxatores
1143 1060 1248 1103 amer·
1263 1028 1387 1129 {gwy

138 1141 389 1220 ciamentorum,
405 1144 547 1207 scientes
570 1143 660 1226 quod
685 1144 798 1206 omnia
819 1143 1079 1207 amerciamenta
1100 1163 1248 1206 remane·
1262 1134 1378 1230 ζ’,ἱῒίῗζο

141 1257 213 1310 rent
248 1248 407 1330 episcopo
438 1247 577 1330 Elyensi
613 1257 694 1311 tunc
727 1248 855 1311 domini
895 1247 998 1329 Regis
1035 1246 1249 1321 thesaurario,
1262 1231 1344 1272 ‘⁸¹⁰⁶‘

140 1351 266 1415 scilicet
292 1350 432 1415 domino
454 1351 609 1432 johanne
630 1350 674 1415 de
698 1351 875 1433 Kyrkebi¹,
898 1361 934 1415 vt
957 1350 1067 1414 eidem
1090 1351 1249 1434 episcopo

140 1456 309 1537 placerent
331 1455 515 1519 secundum
537 1456 628 1537 quod
652 1454 826 1518 dicebatur
848 1476 868 1518 a
891 1455 1040 1539 pluribus
1063 1454 1150 1518 illius
1173 1454 1249 1518 ville

139 1559 257 1623 saltem
288 1560 584 1623 amerciamentum
615 1559 901 1643 dupplicauerunt.
964 1559 1061 1623 Tunc
1091 1558 1249 1622 uolebant
1262 1566 1407 1660 {glimo

138 1664 290 1728 homiues
311 1663 399 1728 illius
416 1664 493 1728 ville
514 1664 604 1747 quod
626 1664 719 1727 Prior
738 1666 781 1728 de
803 1664 1005 1728 Bemewelle
1025 1662 1249 1727 contribueret
1262 1666 1411 1760 {iiiiii

139 1788 216 1832 cum
246 1768 294 1832 eis
323 1769 366 1832 ad
398 1767 658 1851 acquietandum
689 1769 827 1831 terciam
858 1778 987 1851 partem
1019 1767 1148 1831 illarum
1186 1788 1248 1831 sex

141 1893 347 1951 marcarum;
385 1873 444 1937 sed
476 1874 569 1936 Prior
600 1873 714 1947 noluit,
744 1893 894 1937 asserens
924 1893 960 1936 se
990 1872 1042 1936 vel
1073 1872 1246 1936 ecclesiam

140 1998 235 2042 suam
251 1978 295 2043 ad
310 1980 570 2061 acquietandum
586 1978 779 2042 communia
796 1978 1055 2042 amerciamenta
1076 1996 1247 2059 nunquam

139 2082 302 2147 hactenus
316 2082 550 2163 contribuisse;
571 2089 777 2165 quapropter
792 2084 1053 2165 impetrauerunt
1069 2081 1170 2144 breue
1185 2080 1277 2145 subt.
1293 2092 1325 2144 66

139 2186 202 2251 hac
219 2186 332 2251 forma.

231 2406 301 2456 110.
344 2388 450 2453 Breue
469 2389 573 2473 Regis
587 2401 650 2473 pro
671 2388 857 2453 hominibus
878 2389 918 2452 de
939 2388 1153 2473 Maddingele

442 2495 481 2558 de
501 2495 666 2559 communi
685 2494 941 2559 amerciamenta.

195 2622 370 2678 Eadwardus
383 2624 438 2678 Dei
450 2623 546 2693 gracia
558 2632 612 2679 etc.
625 2622 783 2678 vicecomiti
796 2622 977 2693 Cantebrigie
990 2624 1117 2677 salutem.
1265 2622 1334 2715 gg}
1339 2622 1397 2714 ξε.

196 2712 427 2767 Monstrauerunt
443 2711 526 2766 nobis
542 2710 673 2766 homines
686 2711 821 2765 Willelmi
841 2710 877 2766 de
896 2710 1078 2780 Maddingele
1095 2711 1248 2781 quodcum
1262 2722 1412 2765 summoned

141 2806 202 2852 tota
219 2797 287 2852 villa
307 2798 435 2869 predicta
456 2815 547 2870 nuper
567 2816 664 2853 coram
685 2796 789 2853 dilecto
810 2810 837 2853 et
856 2798 931 2853 fideli
951 2809 1047 2853 nostro
1065 2800 1195 2869 Johanne
1214 2798 1250 2852 de
1263 2772 1401 2865 *effigi*

141 2886 270 2941 vallibus
279 2896 307 2943 et
318 2886 402 2957 socijs
414 2886 472 2940 suis
480 2886 644 2957 justiciarijs
654 2886 758 2941 nostris
765 2888 863 2941 vltimo
874 2887 1069 2943 itinerantibus
1078 2887 1105 2942 in
1114 2887 1249 2942 comitatu
1263 2884 1314 2975 ἢ,
1322 2885 1364 2966 ξζ·

141 2973 269 3046 predicto
281 2973 435 3029 amerciata
447 2972 539 3029 esset²
554 2974 593 3027 ad
610 2991 659 3028 sex
674 2991 786 3028 marcas
803 2984 855 3029 etc.
895 2974 974 3029 Prior
989 2975 1027 3030 de
1041 2974 1210 3030 Bemewelle
1222 2985 1250 3029 et
1264 2973 1409 3016 numeror

140 3062 233 3116 Alicia
253 3062 290 3118 de
312 3062 453 3130 Burdeley
473 3062 522 3131 qui
546 3070 644 3116 tenent
668 3062 804 3117 maiorem
828 3072 937 3133 partem
959 3062 1085 3117 eiusdem
1106 3062 1180 3130 ville,
1201 3063 1250 3132 qui
1263 3023 1404 3124 iiiu‘iiffii'

141 3153 278 3207 hacteuus
296 3150 325 3206 in
341 3150 503 3207 huiusmodi
520 3151 747 3206 amerciamentis
764 3152 1006 3207 contribucionem
1023 3152 1116 3206 facere
1133 3167 1249 3207 consue·
1265 3123 1373 3228 Q
1397 3154 1413 3175 '⁸

141 3249 250 3309 uerunt,
263 3256 339 3295 nuuc
356 3239 533 3295 contribuere
552 3238 749 3294 contradicunt
767 3239 806 3293 ad
823 3256 910 3308 graue
928 3239 1083 3308 dampnum
1103 3240 1249 3295 hominum

140 3327 332 3399 predictorum
357 3345 415 3383 non
439 3328 583 3382 modicum
608 3337 635 3382 et
659 3344 821 3398 grauamen.
865 3328 903 3382 Et
928 3327 994 3399 quia
1019 3329 1149 3383 nolumus
1174 3328 1251 3399 quod

141 3417 250 3471 eisdem
271 3416 434 3471 hominibus
455 3415 601 3471 iniurietur
622 3414 650 3469 in
672 3415 726 3469 hac
750 3426 840 3486 parte,
862 3416 913 3471 tibi
935 3414 1106 3486 precipimus
1128 3416 1251 3487 quodsi

141 3505 260 3576 predicti
276 3503 407 3560 homiues
423 3503 550 3559 fecerunt
566 3513 595 3559 te
612 3514 664 3559 etc.
677 3513 746 3559 tunc
763 3504 859 3560 uenire
876 3506 965 3561 facias
981 3522 1077 3559 coram
1092 3504 1250 3561 Batonibus

141 3595 177 3649 de
209 3592 359 3648 Scaccario
388 3602 486 3647 nostro
516 3590 593 3662 apud
622 3591 909 3647 westmonasterium
940 3592 968 3646 in
999 3593 1122 3648 crastino
1153 3593 1250 3649 Sancti

143 3684 294 3739 Michaelis
312 3682 455 3754 predictos
476 3680 601 3736 Priorem
619 3691 648 3737 et
666 3681 788 3736 Aliciam
806 3681 844 3735 ad
861 3681 1091 3751 respondendum
1110 3681 1193 3736 nobis
1214 3681 1251 3736 de

141 3773 321 3843 porcionibus
339 3770 397 3827 suis
413 3771 483 3843 ipsis
500 3771 730 3841 contingentibus
747 3770 783 3825 de
800 3770 1022 3827 amerciamento
1038 3770 1165 3841 predicto
1178 3772 1250 3825 sicut

140 3862 228 3933 ijdem
239 3860 370 3915 homines
382 3859 591 3915 racionabiliter
602 3870 760 3915 monstrare
770 3859 901 3931 poterint,
912 3861 989 3931 quod
1001 3858 1067 3915 inde
1080 3859 1251 3929 respondere

141 3948 272 4004 debeant.
310 3948 348 4002 Et
369 3947 480 4001 interim
502 3946 611 4002 eisdem
632 3947 796 4002 hominibus
818 3947 855 4001 de
876 3946 1018 4001 demanda
1038 3963 1125 4018 quam
1143 3946 1249 4001 eisdem

139 4036 230 4091 iacias
242 4035 278 4092 de
290 4035 471 4107 porcionibus
484 4035 627 4107 predictos
641 4036 767 4090 Priorem
777 4044 805 4089 et
814 4034 936 4090 Aliciam
947 4034 1012 4090 inde
1022 4034 1250 4103 contingentibus

141 4140 242 4196 pacem
257 4123 362 4180 habere
379 4124 526 4194 permittas
544 4134 572 4180 et
590 4125 686 4180 aueria
704 4124 728 4179 si
747 4141 804 4196 qua
820 4123 929 4195 ceperis
946 4133 999 4179 etc.
1012 4124 1127 4178 relaxes
1164 4124 1250 4176 Teste

139 4208 293 4282 J[ohanne]
302 4212 339 4266 de
350 4210 476 4281 Kyrkebi
486 4210 630 4282 Episcopo
640 4212 757 4282 Elyensi
770 4210 947 4266 thesaurario
959 4220 1071 4266 nostro:
1085 4226 1161 4264 anno
1171 4210 1249 4279 regni

140 4299 229 4354 nostri
243 4307 297 4352 xv0.
515 4324 526 4353 ι

173 4404 183 4436 ¹
200 4405 269 4471 John
282 4406 382 4471 Kirkby
393 4422 421 4457 or
434 4406 516 4471 Rirby
527 4422 579 4457 was
590 4405 634 4471 bp.
648 4405 677 4455 oi
687 4404 736 4470 ΕΙ]
751 4402 920 4470 1286-1290.
1026 4400 1037 4432 ⁹
1053 4408 1143 4463 essent,
1158 4402 1216 4452 MS.

222 4531 249 4574 C.
1134 4530 1166 4571 12
