3192 5067
338 346 406 433 156
506 342 646 416 Action
665 343 705 415 in
721 353 856 439 respect
870 344 918 440 os
926 344 1021 417 land
1032 353 1073 415 at
1090 342 1265 417 Hz'nxlon
1316 340 1435 440 [Boou

165 531 305 634 {2ng
396 524 495 608 Quod
508 528 626 592 uidens
643 528 735 591 Prior
750 528 852 611 pecijt
868 528 1039 593 licenciam
1052 528 1212 611 querendi
1225 527 1314 591 aliud
1327 528 1436 601 breue,

165 632 269 725 {5332
329 641 364 693 et
379 632 541 713 optinuit;
556 633 669 716 sicque
684 634 791 697 euasit
805 633 897 697 Prior
912 645 1018 709 caute,
1030 644 1064 697 et
1079 633 1221 697 nonfuit
1236 634 1433 696 amerciatus

164 732 288 825 &3223
330 733 386 797 illa
409 735 492 812 uice,
517 737 674 820 misitque
697 738 812 801 statim
837 737 880 800 ad
907 740 1041 815 curiam,
1067 749 1101 802 et
1128 738 1319 820 impetrauit
1343 735 1433 799 aliud

164 833 301 936 mm}
329 837 430 902 breue
445 840 516 903 sine
534 840 597 905 hac
617 841 711 905 litera
731 841 762 905 d.
808 840 909 926 Quod
932 852 969 904 ut
984 842 1142 923 cognouit
1164 840 1325 923 Nigellus,
1343 841 1433 903 uenit

162 933 282 1049 2³25*
328 962 406 1006 cum
421 943 561 1007 consilio
575 964 637 1008 suo
651 944 695 1009 ad
715 946 871 1019 Priorem,
887 945 1000 1008 dicens
1022 966 1058 1007 se
1078 944 1167 1008 nolle
1182 945 1340 1027 placitare
1355 964 1430 1007 cum

329 1170 411 1233 pace
425 1161 487 1215 etc.

371 1412 422 1477 77.
467 1396 633 1462 Placitum
655 1408 765 1463 contra
788 1400 951 1483 Roget-um
974 1398 1142 1463 Barbcdor
1161 1400 1199 1463 de
1222 1398 1395 1462 Hemone.

163 1556 281 1657 12³5ng
394 1551 582 1615 Willelmus
605 1551 775 1616 Barbedor
790 1554 915 1635 recepit
930 1552 1112 1635 aliquando
1127 1574 1148 1616 a
1165 1552 1275 1615 Priore
1290 1562 1323 1615 et
1345 1551 1431 1616 Con-

164 1656 291 1749 ffffffiff‘
328 1664 430 1718 uentu
451 1656 494 1717 de
515 1654 716 1718 Bemewelle
738 1656 781 1719 ad
806 1656 984 1720 terminum
1009 1658 1077 1719 uite
1099 1676 1158 1719 sue
1180 1664 1214 1718 et
1236 1654 1351 1718 uxoris
1373 1673 1431 1717 sue

163 1757 286 1849 3521?
327 1768 434 1823 totam
455 1768 577 1822 terram
599 1779 701 1841 quarn
723 1760 786 1842 ipsi
809 1760 902 1823 Prior
922 1770 955 1823 et
976 1758 1170 1823 Conuentus
1186 1757 1373 1822 habuerunt
1397 1758 1428 1820 in

163 1857 303 1950 ffggff‘ffif
326 1865 454 1945 campis
480 1864 522 1927 de
549 1862 735 1927 Henxtone
762 1884 823 1946 pro
844 1884 911 1946 qua
929 1863 1023 1927 dedit
1044 1865 1091 1925 eis
1113 1882 1270 1944 magnam
1290 1862 1430 1943 pecunie

164 1956 278 2049 ‘1339‘
326 1987 493 2031 summam
523 1989 582 2052 pre
612 1968 775 2032 manibus.
823 1967 991 2032 Defuncta
1021 1970 1111 2050 prius
1141 1986 1247 2029 uxore
1277 1976 1310 2029 et
1340 1975 1430 2048 post·

326 2074 464 2136 modum
481 2074 600 2136 eodem
607 2070 797 2148 Willelmo,
813 2074 970 2136 successit
986 2074 1015 2135 ei
1032 2074 1065 2134 in
1082 2070 1300 2135 hereditatem
1318 2068 1431 2151 Roger

328 2176 498 2240 Barbedor
520 2186 693 2258 tamquam
715 2175 802 2239 tilius
818 2185 852 2240 et
872 2176 976 2253 heres,
993 2176 1235 2259 primogenitus
1253 2174 1343 2237 enim
1359 2175 1430 2237 eius

326 2282 461 2343 nomine
492 2278 678 2342 Willelmus
707 2280 875 2361 ingressus
904 2288 975 2343 erat
1007 2277 1207 2360 religionem.
1264 2275 1430 2359 Verump-

326 2395 439 2449 tamen
467 2384 510 2447 ad
542 2384 688 2446 Priorem
715 2394 749 2446 et
777 2381 990 2447 Conuentum
1018 2393 1094 2465 post
1120 2392 1262 2445 mortem
1290 2381 1429 2464 predicti

327 2486 516 2571 W[illelmi]
544 2488 713 2551 Barbedor
736 2496 770 2551 et
796 2488 912 2551 uxoris
939 2508 997 2550 sue
1022 2486 1119 2550 rediit
1146 2495 1217 2550 tota
1243 2496 1330 2549 terra
1353 2506 1428 2549 cum

326 2593 540 2677 pertinencijs
561 2613 663 2675 quam
689 2602 867 2656 tenuerunt
897 2593 940 2655 ad
970 2592 1150 2655 terminum
1180 2590 1250 2653 uite
1276 2610 1342 2652 sue.
1390 2590 1429 2651 ln

327 2699 443 2761 itinere
458 2717 537 2761 uero
550 2696 808 2778 justiciariorum
821 2696 1013 2778 impetrauit
1029 2696 1118 2759 idem
1133 2692 1245 2777 Roget
1261 2694 1431 2757 Barbedor

327 2803 427 2867 breue
449 2803 492 2866 de
514 2812 620 2864 morte
635 2801 854 2865 antecessoris
869 2812 986 2863 contra
1004 2799 1159 2877 Priorem,
1174 2818 1323 2861 asserens
1338 2799 1428 2880 quod

328 2908 420 2970 Prior
434 2906 661 2990 appropriauit
676 2906 738 2969 sibi
760 2906 908 2988 quinque
928 2925 1021 2969 acras
1043 2914 1128 2969 terre
1143 2914 1177 2967 et
1197 2903 1371 2966 dimidiam
1387 2904 1430 2967 de

324 3022 412 3075 terra
426 3011 531 3094 patris
546 3011 597 3073 sui
613 3020 674 3073 etc.

391 3252 440 3331 78.
486 3247 681 3313 Inrotulacio
702 3248 741 3311 de
761 3268 874 3330 assysa
894 3258 986 3331 capta
1007 3257 1038 3311 et
1057 3268 1166 3311 eorum
1189 3246 1365 3311 ueredictol

378 3406 487 3473 Assysa
510 3403 588 3459 uenit
611 3401 790 3472 recognitum
815 3402 838 3455 si
863 3400 1022 3458 Willelmus
1048 3402 1193 3456 Barbedor
1216 3412 1297 3472 pater
1327 3402 1429 3471 Rogeri

327 3494 472 3549 Barbedor
488 3492 540 3547 luit
556 3492 679 3562 seysitus
696 3491 725 3545 in
741 3490 884 3545 dominico
903 3509 955 3545 suo
974 3503 1004 3546 ut
1021 3492 1057 3547 de
1073 3491 1157 3545 leodo
1170 3492 1205 3545 de
1217 3490 1341 3560 quinque
1357 3490 1429 3545 acris

325 3594 398 3638 terre
410 3591 438 3636 et
451 3580 570 3636 dimidia
581 3598 647 3636 cum
659 3578 840 3650 pertinenciis
854 3578 881 3633 in
897 3577 1120 3635 Henxtone²die
1132 3595 1188 3648 quo
1201 3588 1254 3633 etc.
1280 3577 1318 3632 Et
1332 3578 1355 3633 si
1366 3590 1428 3646 etc,

325 3688 396 3741 quas
414 3671 494 3725 Prior
506 3670 542 3725 de
560 3669 731 3725 Bemewelle
743 3680 829 3735 tenet,
842 3678 873 3723 ut
885 3670 922 3725 de
939 3669 1030 3724 feodo.
1069 3668 1125 3738 Qui
1139 3669 1217 3724 uenit
1230 3680 1258 3723 et
1270 3668 1340 3723 dicit
1352 3670 1428 3738 quod

324 3758 417 3813 dictus
431 3759 598 3825 willelmus,
611 3759 647 3813 de
664 3757 743 3812 cuius
759 3768 850 3813 morte
865 3766 928 3825 etc,
941 3775 998 3812 non
1016 3758 1086 3828 obijt
1104 3758 1225 3827 seysitus
1241 3758 1278 3811 de
1294 3757 1429 3828 predictis

325 3846 494 3902 tenementis
517 3847 547 3899 in
573 3846 715 3901 dominico
737 3862 789 3900 suo
813 3856 843 3900 ut
868 3846 904 3901 de
926 3846 1017 3901 leudo.
1055 3846 1133 3901 Dicit
1158 3848 1233 3900 enim
1255 3848 1333 3916 quod
1352 3846 1428 3901 idem

325 3934 484 3990 Willelmus
500 3934 587 3987 nichil
603 3933 702 3989 habuit
721 3932 749 3988 in
766 3932 874 3988 eisdem
891 3936 1061 3989 tenementis
1077 3934 1130 3989 nisi
1147 3936 1184 3989 ad
1201 3935 1351 3989 terminum
1371 3934 1428 3990 uite

325 4034 436 4080 tantum
455 4022 501 4095 [ex
521 4023 686 4079 dimissione
705 4024 792 4095 ipsius
816 4020 940 4095 Prioris].
980 4025 1057 4079 Dicit
1076 4025 1167 4079 eciam
1187 4024 1263 4096 quod
1285 4024 1427 4093 predictus

374 4162 383 4194 ¹
401 4163 463 4213 This
482 4164 567 4213 record
587 4164 608 4211 is
628 4162 653 4209 in
673 4162 716 4211 the
735 4163 821 4212 Assize
842 4162 911 4219 Roll,
933 4162 982 4211 No.
1004 4160 1043 4221 86,
1066 4162 1170 4211 membr.
1195 4176 1234 4219 rr;
1254 4161 1304 4209 and
1321 4178 1336 4210 a
1353 4177 1426 4226 copy,

325 4247 441 4313 dillering
454 4264 470 4295 a
483 4247 550 4311 good
564 4244 630 4301 decl.
644 4259 731 4294 occurs
744 4261 778 4294 on
793 4246 898 4295 membr.
914 4261 953 4309 ²3·
972 4246 995 4295 d.
1031 4245 1087 4294 The
1102 4244 1184 4293 words
1200 4244 1346 4293 introduced
1364 4243 1427 4293 from

324 4330 375 4380 this
385 4328 476 4379 second
489 4326 584 4376 version
594 4326 659 4375 have
670 4326 734 4375 been
746 4327 926 4392 distinguished
938 4328 972 4392 by
982 4343 1070 4393 square
1080 4326 1202 4376 brackets.

373 4410 384 4442 ²
399 4410 455 4460 'l’he
467 4409 527 4459 Roll
537 4410 609 4459 reads
622 4410 759 4475 Hyngston
770 4408 884 4473 (membr.
902 4412 951 4472 ιι),
964 4410 1007 4461 ie.
1023 4411 1146 4459 Hiuxton.
