3192 5067
326 380 395 471 138
587 375 626 450 T
620 375 666 450 ie
690 385 899 475 customary
922 375 1077 451 services
1103 375 1151 472 of
1311 376 1428 475 [soon

321 564 350 608 et
372 552 413 608 sic
433 550 471 607 de
494 568 570 607 anno
592 553 620 605 in
641 567 750 607 aunum
772 568 825 622 per
848 568 955 607 annum
979 552 1051 609 duas
1075 569 1187 609 marcas
1209 554 1300 609 donec
1322 553 1429 609 dietum

325 640 453 697 debitum
466 626 657 711 persoluetur.
693 641 726 695 ln
743 642 835 705 rotulo
853 626 996 696 tricesimo
1013 640 1100 697 tercio
1117 659 1192 696 anno
1207 642 1293 711 Regis
1312 640 1428 696 Henrici

247 734 263 785 f.
280 727 403 798 51tercij
422 728 578 783 allocantur
596 744 647 797 pro
666 727 761 786 Priore
779 728 816 783 de
836 730 1007 791 Ber'neivelle
1026 730 1063 785 de
1082 729 1178 785 debito
1193 728 1300 798 Rogeri
1321 728 1429 785 Gih'ard

323 828 445 889 quatuor
461 816 531 871 libro
549 826 578 871 et
591 831 651 870 vna
667 832 786 882 marca,
804 818 833 871 in
851 820 943 873 rotulo
959 828 1071 875 xxx⁰.v⁰.
1090 819 1246 874 allocamur
1259 834 1311 888 pro
1328 817 1428 872 eodem

322 906 422 961 Priore
442 904 479 959 de
496 905 605 960 eisdem
623 904 728 960 debitis
745 906 879 977 predictis
893 917 1019 979 vquatuor
1034 908 1107 963 libre
1124 917 1152 961 et
1171 924 1188 960 x
1208 906 1311 961 solidi:
1335 916 1365 961 et
1388 905 1429 959 sic

322 994 436 1067 quiem
453 1003 497 1051 est
516 994 602 1049 Prior.
711 1012 732 1020 ··
1270 988 1273 995 ’

380 1298 428 1365 57·
473 1283 526 1362 Di
537 1282 661 1365 placito
679 1293 791 1346 cantra
814 1281 983 1345 dandum
1005 1250 1144 1345 Petrum
1168 1279 1207 1343 de
1231 1276 1377 1346 Clramt

531 1479 533 1482 Ι
641 1398 706 1469 pm
725 1384 860 1451 seruicia
882 1384 921 1449 de
943 1384 1105 1466 impetens

161 1580 279 1625 uowoe
388 1558 613 1643 Temporibus
643 1533 770 1621 domini
808 1556 980 1641 Symonis¹
1002 1556 1047 1618 de·
1083 1552 1204 1630 Insula,
1234 1564 1268 1618 et
1302 1552 1430 1615 domini
1535 1616 1543 1629 ,

158 1632 296 1725 {liffeim
325 1663 470 1748 Philippi
493 1662 537 1727 de
560 1660 675 1726 Insula'
696 1660 801 1745 patris
823 1662 903 1737 eius,
926 1668 960 1724 et
982 1664 1229 1723 antecessorum
1253 1676 1387 1721 suorum
1411 1676 1430 1718 a

158 1733 271 1824 §effic
323 1776 476 1851 tempore
501 1786 570 1849 quo
594 1786 664 1829 non
691 1773 789 1848 extat
811 1764 981 1839 memoria,
1003 1762 1157 1828 solebant
1179 1761 1291 1825 villani
1314 1760 1364 1824 sui
1387 1760 1430 1823 de

158 1832 288 1924 {iffi-ii>-
324 1870 503 1955 impetone
522 1869 631 1933 iace're
649 1869 826 1957 seruicium
850 1868 893 1934 ad
911 1871 1100 1934 ‘manerium
1119 1869 1221 1952 Regis
1243 1866 1285 1930 de
1300 1866 1430 1931 Cester·

157 1944 267 2075 {32⁸⁸
323 1984 421 2039 tone:
460 1972 613 2037 videlicet
647 1993 785 2049 arruras,
819 1972 1017 2039 iaicac'ione's
1052 1972 1148 2058 prati,
1178 1971 1360 2036 messiones
1396 1970 1428 2032 in

157 2045 305 2185 mgb&
323 2087 519 2161 autumpno,
541 2074 683 2159 gallinas
710 2078 753 2140 ad
776 2076 910 2153 Natale,
933 2097 997 2143 oua
1022 2076 1065 2141 ad
1092 2075 1228 2151 Pascha,
1255 2094 1358 2159 panes
1385 2074 1427 2136 ad

156 2189 209 2225 ²⁰¹¹·
323 2203 409 2267 opus
440 2180 593 2244 messoris
624 2180 668 2245 ad
697 2180 830 2257 Natale,
856 2190 894 2247 et
924 2182 1044 2267 garbas
1080 2181 1113 2244 in
1126 2186 1129 2193 ’
1144 2190 1338 2263 autumpno,
1369 2198 1430 2262 pro

322 2286 477 2351 habenda
497 2287 772 2349 commonacum
795 2284 916 2369 auenjs
936 2287 1004 2351 suis
1026 2286 1059 2349 in
1081 2288 1217 2369 pastu'ra
1237 2285 1280 2347 de
1299 2284 1429 2349 Cester·

322 2398 409 2455 tone
452 2388 613 2479 Processu
641 2410 720 2453 uero
746 2390 907 2473 temporis
933 2390 1085 2454 vendidit
1111 2390 1267 2454 dominus
1298 2387 1427 2469 Symon

321 2493 365 2558 de
387 2492 502 2557 Insula
522 2492 706 2558 manerium
728 2514 825 2557 suurn
842 2494 892 2558 'de
915 2492 1093 2578 Impetone
1116 2514 1192 2558 cum
1216 2490 1428 2576 pertinencijs

322 2598 461 2663 domino
482 2597 648 2663 Petro‘de
668 2597 823 2664 Chauent
844 2610 878 2663 et
898 2598 1075 2663 heredibus
1096 2598 1163 2663 suis
1185 2598 1427 2681 inperpetuum.

324 2702 496 2767 Prodictus
519 2722 598 2766 uero
621 2700 767 2786 P[etrus]
790 2702 961 2786 prohibuit
981 2703 1112 2767 villanis
1133 2702 1200 2766 suis
1222 2722 1264 2765 ne
1285 2699 1428 2783 amplius

322 2806 469 2872 lacerent
487 2805 636 2890 predicta
656 2806 795 2870 seruicia
816 2806 965 2875 manerio
986 2806 1088 2891 Regis
1109 2808 1152 2870 de
1172 2804 1376 2879 Cestertone,
1395 2813 1428 2867 et

321 2908 369 2974 sic
393 2910 563 2974 subtracta
589 2918 684 2973 erant
710 2909 850 2973 seruicia
872 2910 1052 2975 'antedicta'
1070 2918 1140 2993 per·
1155 2908 1279 2973 multos
1303 2898 1427 2971 annos:

323 3012 415 3077 Prior
430 3023 543 3078 tamen
565 3012 608 3075 de
627 2996 831 3077 Bernewelle
850 2996 930 3077 lecit
951 3012 1148 3097 distringere
1163 3011 1271 3075 dictos
1285 3010 1426 3073 villanos

321 3118 364 3183 de
396 3116 564 3200 Impitone
594 3136 656 3199 pro
685 3115 784 3180 dictis
814 3115 971 3199 serui'cijs,
998 3128 1031 3181 et
1062 3116 1170 3180 dictus
1200 3116 1318 3179 Petrus
1350 3114 1426 3179 fecit

320 3221 433 3287 aueria
454 3220 636 3303 replegiare
656 3240 762 3303 usque
782 3222 825 3284 ad
847 3220 1055 3285 Comitatum
1077 3218 1297 3301 Cantebrigie,
1314 3228 1347 3283 et
1368 3238 1427 3301 per

320 3327 422 3391 breue
451 3325 542 3409 quod
572 3325 695 3389 dicitur
715 3336 801 3408 pone
827 3324 1014 3408 ponebatur
1044 3322 1174 3408 loquela
1204 3325 1247 3387 ad
1275 3323 1425 3387 Bancum

320 3430 409 3514 apud
423 3429 769 3494 Westmonasterium.
817 3428 934 3511 Ibique
951 3427 1013 3491 suit
1025 3428 1185 3511 placitum
1198 3429 1283 3492 inter
1298 3428 1424 3491 dictum

321 3534 468 3599 Priorem
491 3543 525 3597 et
546 3532 675 3597 dictum
698 3532 834 3597 Petrum
858 3533 901 3597 de
925 3532 1078 3599 Chauent
1101 3552 1160 3615 per
1181 3530 1297 3595 deoem
1319 3552 1425 3596 annos

319 3648 354 3705 et
376 3637 529 3721 amplius,
550 3646 585 3702 et
607 3635 744 3702 tandem
767 3646 951 3720 posuerunt
974 3654 1009 3699 se
1032 3654 1131 3719 super
1153 3634 1303 3719 patriam.

613 3938 661 4015 58.
709 3932 886 4009 Juratorcs
908 3932 946 3997 de
967 3931 1131 4016 Inpu'tone.

151 4115 248 4210 013¹
256 4163 286 4205 „s
386 4108 506 4174 Postea
530 4108 564 4175 in
594 4107 723 4171 octabis
753 4107 860 4172 sancti
892 4104 1065 4171 Michaelis
1095 4123 1184 4168 anno
1215 4102 1306 4187 regni
1338 4103 1423 4185 regis

149 4181 295 4317 {ggffiffl
320 4211 499 4279 Eadwardi
514 4213 606 4279 .xii⁰.
621 4220 784 4277 venerunt
803 4198 968 4295 juratores
988 4211 1046 4293 qui
1066 4208 1181 4273 dicunt
1203 4226 1301 4289 super
1317 4226 1422 4271 sacra·

150 4317 241 4415 {333¹
319 4326 469 4383 mentum
500 4336 597 4381 suum
627 4318 719 4401 quod
749 4316 889 4400 quilibet
918 4314 1061 4379 villanus
1092 4323 1213 4378 terram
1245 4320 1362 4375 tenens
1388 4310 1421 4377 in

150 4416 263 4519 222⁸*
320 4422 495 4505 Impetone
515 4420 617 4485 debet
636 4422 717 4485 dare
737 4420 781 4486 de
799 4419 883 4504 jure,
898 4430 933 4483 et
953 4439 972 4482 a
994 4429 1145 4500 tempore
1159 4434 1227 4497 quo
1244 4434 1310 4477 non
1326 4424 1423 4478 extat
