<?xml version="1.0" encoding="UTF-8"?>
<!DOCTYPE html PUBLIC "-//W3C//DTD XHTML 1.0 Transitional//EN"
    "http://www.w3.org/TR/xhtml1/DTD/xhtml1-transitional.dtd">
<html xmlns="http://www.w3.org/1999/xhtml" xml:lang="en" lang="en">
 <head>
  <title>
</title>
<meta http-equiv="Content-Type" content="text/html;charset=utf-8" />
  <meta name='ocr-system' content='tesseract 3.04.00' />
  <meta name='ocr-capabilities' content='ocr_page ocr_carea ocr_par ocr_line ocrx_word'/>
</head>
<body>
  <div class='ocr_page' id='page_1' title='image "./libermemorandor01clargoog/libermemorandor01clargoog_0150.png"; bbox 0 0 3192 5067; ppageno 0'>
   <div class='ocr_carea' id='block_1_1' title="bbox 341 315 1451 417">
    <p class='ocr_par' dir='ltr' id='par_1_1' title="bbox 341 315 1451 417">
     <span class='ocr_line' id='line_1_1' title="bbox 341 315 1451 417; baseline -0.005 -21"><span class='ocrx_word' id='word_1_1' title='bbox 341 326 387 397; x_wconf 88' lang='lat'>82</span> <span class='ocrx_word' id='word_1_2' title='bbox 777 318 992 395; x_wconf 70' lang='lat' dir='ltr'>Chestenon</span> <span class='ocrx_word' id='word_1_3' title='bbox 1330 315 1451 417; x_wconf 77' lang='lat' dir='ltr'>[noox</span> 
     </span>
    </p>
   </div>
   <div class='ocr_carea' id='block_1_2' title="bbox 247 506 1457 3507">
    <p class='ocr_par' dir='ltr' id='par_1_2' title="bbox 340 506 1450 888">
     <span class='ocr_line' id='line_1_2' title="bbox 340 506 1449 592; baseline -0.005 -17"><span class='ocrx_word' id='word_1_4' title='bbox 340 510 473 575; x_wconf 89' lang='lat' dir='ltr'>dicens:</span> <span class='ocrx_word' id='word_1_5' title='bbox 498 510 626 574; x_wconf 87' lang='lat' dir='ltr'>Putatis</span> <span class='ocrx_word' id='word_1_6' title='bbox 648 528 709 572; x_wconf 89' lang='lat' dir='ltr'>uos</span> <span class='ocrx_word' id='word_1_7' title='bbox 728 509 819 591; x_wconf 89' lang='lat' dir='ltr'>quod</span> <span class='ocrx_word' id='word_1_8' title='bbox 840 528 904 592; x_wconf 80' lang='lat' dir='ltr'>ego</span> <span class='ocrx_word' id='word_1_9' title='bbox 925 528 999 573; x_wconf 89' lang='lat' dir='ltr'>sum</span> <span class='ocrx_word' id='word_1_10' title='bbox 1021 508 1171 591; x_wconf 84' lang='lat' dir='ltr'>proditor</span> <span class='ocrx_word' id='word_1_11' title='bbox 1188 506 1314 590; x_wconf 84' lang='lat' dir='ltr'>Regis?</span> <span class='ocrx_word' id='word_1_12' title='bbox 1351 506 1449 583; x_wconf 88' lang='lat' dir='ltr'>Vere,</span> 
     </span>
     <span class='ocr_line' id='line_1_3' title="bbox 341 610 1450 699; baseline -0.005 -20"><span class='ocrx_word' id='word_1_13' title='bbox 341 615 458 699; x_wconf 90' lang='lat' dir='ltr'>inquit,</span> <span class='ocrx_word' id='word_1_14' title='bbox 487 634 594 680; x_wconf 87' lang='lat' dir='ltr'>essem</span> <span class='ocrx_word' id='word_1_15' title='bbox 626 612 785 697; x_wconf 85' lang='lat' dir='ltr'>proditor,</span> <span class='ocrx_word' id='word_1_16' title='bbox 815 614 842 677; x_wconf 90' lang='lat' dir='ltr'>si</span> <span class='ocrx_word' id='word_1_17' title='bbox 874 613 1017 678; x_wconf 84' lang='lat' dir='ltr'>facerem</span> <span class='ocrx_word' id='word_1_18' title='bbox 1050 612 1178 696; x_wconf 84' lang='lat' dir='ltr'>Regem</span> <span class='ocrx_word' id='word_1_19' title='bbox 1210 610 1450 695; x_wconf 63' lang='lat' dir='ltr'>perderetur.</span> 
     </span>
     <span class='ocr_line' id='line_1_4' title="bbox 341 716 1449 804; baseline -0.005 -20"><span class='ocrx_word' id='word_1_20' title='bbox 341 719 441 785; x_wconf 89' lang='lat' dir='ltr'>libras</span> <span class='ocrx_word' id='word_1_21' title='bbox 468 739 529 804; x_wconf 91' lang='lat' dir='ltr'>pro</span> <span class='ocrx_word' id='word_1_22' title='bbox 553 720 777 803; x_wconf 82' lang='lat' dir='ltr'>quadraginta</span> <span class='ocrx_word' id='word_1_23' title='bbox 804 719 920 784; x_wconf 91' lang='lat' dir='ltr'>solidis</span> <span class='ocrx_word' id='word_1_24' title='bbox 947 718 992 783; x_wconf 88' lang='lat' dir='ltr'>ad</span> <span class='ocrx_word' id='word_1_25' title='bbox 1019 739 1105 802; x_wconf 92' lang='lat' dir='ltr'>opus</span> <span class='ocrx_word' id='word_1_26' title='bbox 1133 738 1243 783; x_wconf 91' lang='lat' dir='ltr'>meum</span> <span class='ocrx_word' id='word_1_27' title='bbox 1271 716 1449 801; x_wconf 90' lang='lat' dir='ltr'>proprium.</span> 
     </span>
     <span class='ocr_line' id='line_1_5' title="bbox 342 824 659 888; baseline -0.003 0"><span class='ocrx_word' id='word_1_28' title='bbox 342 824 446 888; x_wconf 86' lang='lat' dir='ltr'><strong>Absit</strong></span> <span class='ocrx_word' id='word_1_29' title='bbox 467 824 531 888; x_wconf 90' lang='lat' dir='ltr'>hoc</span> <span class='ocrx_word' id='word_1_30' title='bbox 553 844 574 888; x_wconf 91' lang='lat' dir='ltr'>a</span> <span class='ocrx_word' id='word_1_31' title='bbox 597 844 659 887; x_wconf 89' lang='lat' dir='ltr'>me.</span> 
     </span>
    </p>

    <p class='ocr_par' dir='ltr' id='par_1_3' title="bbox 341 926 1455 2571">
     <span class='ocr_line' id='line_1_6' title="bbox 408 926 1451 995; baseline -0.007 0"><span class='ocrx_word' id='word_1_32' title='bbox 408 927 568 995; x_wconf 87' lang='lat' dir='ltr'>Canonici</span> <span class='ocrx_word' id='word_1_33' title='bbox 599 948 678 993; x_wconf 88' lang='lat' dir='ltr'>uero</span> <span class='ocrx_word' id='word_1_34' title='bbox 707 927 883 992; x_wconf 85' lang='lat' dir='ltr'>audientes</span> <span class='ocrx_word' id='word_1_35' title='bbox 919 927 1098 991; x_wconf 90' lang='lat' dir='ltr'>clamorem</span> <span class='ocrx_word' id='word_1_36' title='bbox 1134 926 1263 991; x_wconf 83' lang='lat' dir='ltr'>confusi</span> <span class='ocrx_word' id='word_1_37' title='bbox 1296 926 1451 990; x_wconf 88' lang='lat' dir='ltr'>exierunt</span> 
     </span>
     <span class='ocr_line' id='line_1_7' title="bbox 341 1032 1451 1115; baseline -0.005 -16"><span class='ocrx_word' id='word_1_38' title='bbox 341 1034 511 1099; x_wconf 91' lang='lat' dir='ltr'>continuo.</span> <span class='ocrx_word' id='word_1_39' title='bbox 557 1032 705 1099; x_wconf 84' lang='lat' dir='ltr'>Clericus</span> <span class='ocrx_word' id='word_1_40' title='bbox 721 1052 802 1097; x_wconf 91' lang='lat' dir='ltr'>uero</span> <span class='ocrx_word' id='word_1_41' title='bbox 817 1032 888 1096; x_wconf 90' lang='lat' dir='ltr'>eius</span> <span class='ocrx_word' id='word_1_42' title='bbox 908 1052 1083 1097; x_wconf 87' lang='lat' dir='ltr'>accurrens</span> <span class='ocrx_word' id='word_1_43' title='bbox 1099 1042 1174 1115; x_wconf 93' lang='lat' dir='ltr'>post</span> <span class='ocrx_word' id='word_1_44' title='bbox 1190 1040 1321 1115; x_wconf 86' lang='lat' dir='ltr'>tergum</span> <span class='ocrx_word' id='word_1_45' title='bbox 1337 1049 1451 1095; x_wconf 91' lang='lat' dir='ltr'>eorum</span> 
     </span>
     <span class='ocr_line' id='line_1_8' title="bbox 343 1132 1452 1219; baseline -0.005 -17"><span class='ocrx_word' id='word_1_46' title='bbox 343 1138 408 1202; x_wconf 88' lang='lat' dir='ltr'>ait:</span> <span class='ocrx_word' id='word_1_47' title='bbox 434 1137 578 1201; x_wconf 84' lang='lat' dir='ltr'><strong>Mandat</strong></span> <span class='ocrx_word' id='word_1_48' title='bbox 593 1136 691 1200; x_wconf 90' lang='lat' dir='ltr'>uobis</span> <span class='ocrx_word' id='word_1_49' title='bbox 708 1135 876 1199; x_wconf 89' lang='lat' dir='ltr'>Dominus</span> <span class='ocrx_word' id='word_1_50' title='bbox 894 1156 988 1199; x_wconf 89' lang='lat' dir='ltr'>meus</span> <span class='ocrx_word' id='word_1_51' title='bbox 1003 1136 1096 1219; x_wconf 92' lang='lat' dir='ltr'>quod</span> <span class='ocrx_word' id='word_1_52' title='bbox 1116 1133 1189 1199; x_wconf 91' lang='lat' dir='ltr'>uult</span> <span class='ocrx_word' id='word_1_53' title='bbox 1205 1154 1340 1217; x_wconf 86' lang='lat' dir='ltr'>parcere</span> <span class='ocrx_word' id='word_1_54' title='bbox 1356 1132 1452 1197; x_wconf 88' lang='lat' dir='ltr'>uobis</span> 
     </span>
     <span class='ocr_line' id='line_1_9' title="bbox 341 1237 1452 1326; baseline -0.005 -20"><span class='ocrx_word' id='word_1_55' title='bbox 341 1262 383 1306; x_wconf 89' lang='lat' dir='ltr'>eo</span> <span class='ocrx_word' id='word_1_56' title='bbox 402 1242 493 1326; x_wconf 91' lang='lat' dir='ltr'>quod</span> <span class='ocrx_word' id='word_1_57' title='bbox 515 1240 659 1323; x_wconf 81' lang='lat' dir='ltr'>religiosi</span> <span class='ocrx_word' id='word_1_58' title='bbox 681 1240 770 1315; x_wconf 91' lang='lat' dir='ltr'>estis,</span> <span class='ocrx_word' id='word_1_59' title='bbox 786 1240 814 1303; x_wconf 92' lang='lat' dir='ltr'>si</span> <span class='ocrx_word' id='word_1_60' title='bbox 839 1241 868 1304; x_wconf 91' lang='lat' dir='ltr'>ei</span> <span class='ocrx_word' id='word_1_61' title='bbox 893 1240 980 1305; x_wconf 90' lang='lat' dir='ltr'>detis</span> <span class='ocrx_word' id='word_1_62' title='bbox 1005 1258 1108 1305; x_wconf 91' lang='lat' dir='ltr'>unum</span> <span class='ocrx_word' id='word_1_63' title='bbox 1134 1238 1332 1323; x_wconf 85' lang='lat' dir='ltr'>palefridum</span> <span class='ocrx_word' id='word_1_64' title='bbox 1352 1237 1452 1321; x_wconf 89' lang='lat' dir='ltr'>precii</span> 
     </span>
     <span class='ocr_line' id='line_1_10' title="bbox 342 1340 1452 1425; baseline -0.005 -17"><span class='ocrx_word' id='word_1_65' title='bbox 342 1358 404 1409; x_wconf 90' lang='lat' dir='ltr'>.v.</span> <span class='ocrx_word' id='word_1_66' title='bbox 418 1364 613 1409; x_wconf 89' lang='lat' dir='ltr'>marcarum.</span> <span class='ocrx_word' id='word_1_67' title='bbox 650 1343 811 1408; x_wconf 90' lang='lat' dir='ltr'>Canonici</span> <span class='ocrx_word' id='word_1_68' title='bbox 827 1364 907 1408; x_wconf 88' lang='lat' dir='ltr'>uero</span> <span class='ocrx_word' id='word_1_69' title='bbox 922 1344 1081 1407; x_wconf 87' lang='lat' dir='ltr'>dixerunt</span> <span class='ocrx_word' id='word_1_70' title='bbox 1096 1363 1196 1425; x_wconf 89' lang='lat' dir='ltr'>super</span> <span class='ocrx_word' id='word_1_71' title='bbox 1210 1342 1282 1419; x_wconf 89' lang='lat' dir='ltr'>hoc,</span> <span class='ocrx_word' id='word_1_72' title='bbox 1298 1340 1452 1405; x_wconf 89' lang='lat' dir='ltr'>uolumus</span> 
     </span>
     <span class='ocr_line' id='line_1_11' title="bbox 343 1445 1452 1513; baseline -0.005 0"><span class='ocrx_word' id='word_1_73' title='bbox 343 1449 514 1513; x_wconf 88' lang='lat' dir='ltr'>consulere</span> <span class='ocrx_word' id='word_1_74' title='bbox 546 1449 701 1512; x_wconf 87' lang='lat' dir='ltr'>Priorem.</span> <span class='ocrx_word' id='word_1_75' title='bbox 747 1448 931 1512; x_wconf 87' lang='lat' dir='ltr'>Venientes</span> <span class='ocrx_word' id='word_1_76' title='bbox 964 1457 1077 1511; x_wconf 87' lang='lat' dir='ltr'>autem</span> <span class='ocrx_word' id='word_1_77' title='bbox 1115 1447 1359 1510; x_wconf 91' lang='lat' dir='ltr'>nunciauerunt</span> <span class='ocrx_word' id='word_1_78' title='bbox 1392 1445 1452 1509; x_wconf 83' lang='lat' dir='ltr'>hec</span> 
     </span>
     <span class='ocr_line' id='line_1_12' title="bbox 343 1550 1453 1635; baseline -0.003 -19"><span class='ocrx_word' id='word_1_79' title='bbox 343 1554 457 1617; x_wconf 90' lang='lat' dir='ltr'>omnia</span> <span class='ocrx_word' id='word_1_80' title='bbox 486 1551 598 1616; x_wconf 91' lang='lat' dir='ltr'>Priori.</span> <span class='ocrx_word' id='word_1_81' title='bbox 643 1553 740 1616; x_wconf 93' lang='lat' dir='ltr'>Tunc</span> <span class='ocrx_word' id='word_1_82' title='bbox 767 1552 814 1615; x_wconf 90' lang='lat' dir='ltr'>ait</span> <span class='ocrx_word' id='word_1_83' title='bbox 842 1552 952 1616; x_wconf 89' lang='lat' dir='ltr'>Prior:</span> <span class='ocrx_word' id='word_1_84' title='bbox 987 1551 1139 1635; x_wconf 80' lang='lat' dir='ltr'>Expedit</span> <span class='ocrx_word' id='word_1_85' title='bbox 1164 1551 1253 1633; x_wconf 91' lang='lat' dir='ltr'>quod</span> <span class='ocrx_word' id='word_1_86' title='bbox 1278 1551 1308 1614; x_wconf 91' lang='lat' dir='ltr'>ei</span> <span class='ocrx_word' id='word_1_87' title='bbox 1334 1550 1453 1614; x_wconf 88' lang='lat' dir='ltr'>demus</span> 
     </span>
     <span class='ocr_line' id='line_1_13' title="bbox 344 1654 1454 1740; baseline -0.005 -20"><span class='ocrx_word' id='word_1_88' title='bbox 344 1656 553 1740; x_wconf 81' lang='lat' dir='ltr'>palefridum,</span> <span class='ocrx_word' id='word_1_89' title='bbox 568 1658 648 1739; x_wconf 89' lang='lat' dir='ltr'>quia</span> <span class='ocrx_word' id='word_1_90' title='bbox 668 1658 711 1719; x_wconf 88' lang='lat' dir='ltr'>de</span> <span class='ocrx_word' id='word_1_91' title='bbox 727 1656 860 1719; x_wconf 90' lang='lat' dir='ltr'>duobus</span> <span class='ocrx_word' id='word_1_92' title='bbox 883 1656 980 1719; x_wconf 89' lang='lat' dir='ltr'>malis</span> <span class='ocrx_word' id='word_1_93' title='bbox 1001 1655 1111 1719; x_wconf 90' lang='lat' dir='ltr'>minus</span> <span class='ocrx_word' id='word_1_94' title='bbox 1132 1656 1258 1719; x_wconf 90' lang='lat' dir='ltr'>malum</span> <span class='ocrx_word' id='word_1_95' title='bbox 1280 1663 1331 1717; x_wconf 87' lang='lat' dir='ltr'>cst</span> <span class='ocrx_word' id='word_1_96' title='bbox 1347 1654 1454 1736; x_wconf 86' lang='lat' dir='ltr'>magis</span> 
     </span>
     <span class='ocr_line' id='line_1_14' title="bbox 344 1757 1453 1843; baseline -0.004 -19"><span class='ocrx_word' id='word_1_97' title='bbox 344 1760 544 1843; x_wconf 86' lang='lat' dir='ltr'>eligendum.</span> <span class='ocrx_word' id='word_1_98' title='bbox 589 1759 686 1822; x_wconf 90' lang='lat' dir='ltr'>Tunc</span> <span class='ocrx_word' id='word_1_99' title='bbox 712 1760 760 1822; x_wconf 90' lang='lat' dir='ltr'>ait</span> <span class='ocrx_word' id='word_1_100' title='bbox 782 1779 870 1823; x_wconf 90' lang='lat' dir='ltr'>unus</span> <span class='ocrx_word' id='word_1_101' title='bbox 892 1760 935 1823; x_wconf 89' lang='lat' dir='ltr'>de</span> <span class='ocrx_word' id='word_1_102' title='bbox 958 1758 1157 1824; x_wconf 90' lang='lat' dir='ltr'>Canonicis:</span> <span class='ocrx_word' id='word_1_103' title='bbox 1188 1758 1286 1835; x_wconf 89' lang='lat' dir='ltr'>Ecce,</span> <span class='ocrx_word' id='word_1_104' title='bbox 1308 1757 1453 1832; x_wconf 90' lang='lat' dir='ltr'>domine,</span> 
     </span>
     <span class='ocr_line' id='line_1_15' title="bbox 345 1862 1451 1947; baseline -0.001 -19"><span class='ocrx_word' id='word_1_105' title='bbox 345 1864 488 1947; x_wconf 86' lang='lat' dir='ltr'>qualiter</span> <span class='ocrx_word' id='word_1_106' title='bbox 513 1864 621 1928; x_wconf 90' lang='lat' dir='ltr'>noluit</span> <span class='ocrx_word' id='word_1_107' title='bbox 650 1883 724 1927; x_wconf 89' lang='lat' dir='ltr'>esse</span> <span class='ocrx_word' id='word_1_108' title='bbox 754 1865 906 1945; x_wconf 91' lang='lat' dir='ltr'>proditor</span> <span class='ocrx_word' id='word_1_109' title='bbox 937 1864 1041 1945; x_wconf 87' lang='lat' dir='ltr'>Regis</span> <span class='ocrx_word' id='word_1_110' title='bbox 1067 1862 1368 1945; x_wconf 80' lang='lat' dir='ltr'>pro.XL.solidis,</span> <span class='ocrx_word' id='word_1_111' title='bbox 1394 1863 1451 1927; x_wconf 87' lang='lat' dir='ltr'>sed</span> 
     </span>
     <span class='ocr_line' id='line_1_16' title="bbox 344 1967 1452 2052; baseline -0.001 -21"><span class='ocrx_word' id='word_1_112' title='bbox 344 1989 406 2052; x_wconf 89' lang='lat' dir='ltr'>pro</span> <span class='ocrx_word' id='word_1_113' title='bbox 421 2019 427 2033; x_wconf 94' lang='lat'><strong>.</strong></span> <span class='ocrx_word' id='word_1_114' title='bbox 443 1982 490 2033; x_wconf 85' lang='lat' dir='ltr'>V.</span> <span class='ocrx_word' id='word_1_115' title='bbox 506 1968 626 2033; x_wconf 85' lang='lat' dir='ltr'>marcis</span> <span class='ocrx_word' id='word_1_116' title='bbox 660 1968 838 2031; x_wconf 89' lang='lat' dir='ltr'>consensit.</span> <span class='ocrx_word' id='word_1_117' title='bbox 899 1968 1045 2032; x_wconf 85' lang='lat' dir='ltr'>Faciatis</span> <span class='ocrx_word' id='word_1_118' title='bbox 1080 1989 1160 2051; x_wconf 87' lang='lat' dir='ltr'>ergo</span> <span class='ocrx_word' id='word_1_119' title='bbox 1190 1989 1249 2051; x_wconf 90' lang='lat' dir='ltr'>per</span> <span class='ocrx_word' id='word_1_120' title='bbox 1278 1967 1452 2031; x_wconf 90' lang='lat' dir='ltr'>consilium</span> 
     </span>
     <span class='ocr_line' id='line_1_17' title="bbox 346 2072 1454 2156; baseline -0.001 -20"><span class='ocrx_word' id='word_1_121' title='bbox 346 2092 457 2136; x_wconf 89' lang='lat' dir='ltr'>meum</span> <span class='ocrx_word' id='word_1_122' title='bbox 474 2082 508 2137; x_wconf 91' lang='lat' dir='ltr'>et</span> <span class='ocrx_word' id='word_1_123' title='bbox 524 2092 695 2156; x_wconf 91' lang='lat' dir='ltr'>nunquam</span> <span class='ocrx_word' id='word_1_124' title='bbox 711 2072 836 2137; x_wconf 91' lang='lat' dir='ltr'>dabitis</span> <span class='ocrx_word' id='word_1_125' title='bbox 851 2074 881 2136; x_wconf 89' lang='lat' dir='ltr'>ei</span> <span class='ocrx_word' id='word_1_126' title='bbox 898 2092 1002 2137; x_wconf 91' lang='lat' dir='ltr'>unum</span> <span class='ocrx_word' id='word_1_127' title='bbox 1023 2072 1168 2137; x_wconf 89' lang='lat' dir='ltr'>obolum.</span> <span class='ocrx_word' id='word_1_128' title='bbox 1215 2072 1262 2136; x_wconf 89' lang='lat' dir='ltr'>Et</span> <span class='ocrx_word' id='word_1_129' title='bbox 1275 2073 1454 2136; x_wconf 90' lang='lat' dir='ltr'>canonicus</span> 
     </span>
     <span class='ocr_line' id='line_1_18' title="bbox 345 2177 1454 2260; baseline -0.001 -20"><span class='ocrx_word' id='word_1_130' title='bbox 345 2177 400 2241; x_wconf 91' lang='lat' dir='ltr'>ille</span> <span class='ocrx_word' id='word_1_131' title='bbox 427 2178 461 2241; x_wconf 93' lang='lat' dir='ltr'>in</span> <span class='ocrx_word' id='word_1_132' title='bbox 488 2179 634 2242; x_wconf 90' lang='lat' dir='ltr'>crastino</span> <span class='ocrx_word' id='word_1_133' title='bbox 660 2177 845 2241; x_wconf 88' lang='lat' dir='ltr'>ascendens</span> <span class='ocrx_word' id='word_1_134' title='bbox 875 2198 1008 2260; x_wconf 86' lang='lat' dir='ltr'>equum,</span> <span class='ocrx_word' id='word_1_135' title='bbox 1034 2187 1208 2260; x_wconf 88' lang='lat' dir='ltr'>assumpto</span> <span class='ocrx_word' id='word_1_136' title='bbox 1238 2196 1350 2241; x_wconf 92' lang='lat' dir='ltr'>secum</span> <span class='ocrx_word' id='word_1_137' title='bbox 1387 2197 1454 2239; x_wconf 93' lang='lat' dir='ltr'>uno</span> 
     </span>
     <span class='ocr_line' id='line_1_19' title="bbox 344 2281 1454 2365; baseline -0.002 -19"><span class='ocrx_word' id='word_1_138' title='bbox 344 2281 502 2365; x_wconf 86' lang='lat' dir='ltr'>garcione</span> <span class='ocrx_word' id='word_1_139' title='bbox 528 2291 670 2359; x_wconf 90' lang='lat' dir='ltr'>tantum,</span> <span class='ocrx_word' id='word_1_140' title='bbox 693 2282 787 2345; x_wconf 88' lang='lat' dir='ltr'>uenit</span> <span class='ocrx_word' id='word_1_141' title='bbox 813 2282 855 2345; x_wconf 86' lang='lat' dir='ltr'>ad</span> <span class='ocrx_word' id='word_1_142' title='bbox 883 2283 1085 2345; x_wconf 86' lang='lat' dir='ltr'>scaccarium</span> <span class='ocrx_word' id='word_1_143' title='bbox 1115 2282 1218 2364; x_wconf 87' lang='lat' dir='ltr'>Regis</span> <span class='ocrx_word' id='word_1_144' title='bbox 1240 2291 1274 2346; x_wconf 92' lang='lat' dir='ltr'>et</span> <span class='ocrx_word' id='word_1_145' title='bbox 1298 2281 1341 2345; x_wconf 90' lang='lat' dir='ltr'>ibi</span> <span class='ocrx_word' id='word_1_146' title='bbox 1366 2281 1454 2345; x_wconf 93' lang='lat' dir='ltr'>mala</span> 
     </span>
     <span class='ocr_line' id='line_1_20' title="bbox 346 2384 1455 2469; baseline -0.003 -20"><span class='ocrx_word' id='word_1_147' title='bbox 346 2386 458 2468; x_wconf 84' lang='lat' dir='ltr'>gracia</span> <span class='ocrx_word' id='word_1_148' title='bbox 469 2384 683 2449; x_wconf 87' lang='lat' dir='ltr'>exchaetoris</span> <span class='ocrx_word' id='word_1_149' title='bbox 696 2384 814 2448; x_wconf 89' lang='lat' dir='ltr'>habuit</span> <span class='ocrx_word' id='word_1_150' title='bbox 827 2386 927 2449; x_wconf 90' lang='lat' dir='ltr'>breue</span> <span class='ocrx_word' id='word_1_151' title='bbox 945 2385 1049 2467; x_wconf 86' lang='lat' dir='ltr'>Regis</span> <span class='ocrx_word' id='word_1_152' title='bbox 1065 2384 1108 2448; x_wconf 91' lang='lat' dir='ltr'>de</span> <span class='ocrx_word' id='word_1_153' title='bbox 1123 2384 1240 2450; x_wconf 92' lang='lat' dir='ltr'>rotulis</span> <span class='ocrx_word' id='word_1_154' title='bbox 1255 2384 1346 2469; x_wconf 91' lang='lat' dir='ltr'>quod</span> <span class='ocrx_word' id='word_1_155' title='bbox 1364 2384 1455 2448; x_wconf 90' lang='lat' dir='ltr'>Prior</span> 
     </span>
     <span class='ocr_line' id='line_1_21' title="bbox 346 2488 1366 2571; baseline 0.001 -18"><span class='ocrx_word' id='word_1_156' title='bbox 346 2497 380 2553; x_wconf 91' lang='lat' dir='ltr'>et</span> <span class='ocrx_word' id='word_1_157' title='bbox 396 2489 549 2553; x_wconf 91' lang='lat' dir='ltr'>homines</span> <span class='ocrx_word' id='word_1_158' title='bbox 566 2489 615 2553; x_wconf 93' lang='lat' dir='ltr'>sui</span> <span class='ocrx_word' id='word_1_159' title='bbox 632 2490 674 2554; x_wconf 91' lang='lat' dir='ltr'>de</span> <span class='ocrx_word' id='word_1_160' title='bbox 692 2488 889 2554; x_wconf 90' lang='lat' dir='ltr'>Cestertone</span> <span class='ocrx_word' id='word_1_161' title='bbox 904 2490 1008 2571; x_wconf 90' lang='lat' dir='ltr'>quieti</span> <span class='ocrx_word' id='word_1_162' title='bbox 1024 2510 1097 2553; x_wconf 90' lang='lat' dir='ltr'>esse</span> <span class='ocrx_word' id='word_1_163' title='bbox 1113 2490 1282 2566; x_wconf 89' lang='lat' dir='ltr'>deberent,</span> <span class='ocrx_word' id='word_1_164' title='bbox 1306 2499 1366 2554; x_wconf 90' lang='lat' dir='ltr'>etc.</span> 
     </span>
    </p>

    <p class='ocr_par' dir='ltr' id='par_1_4' title="bbox 349 2593 1454 2884">
     <span class='ocr_line' id='line_1_22' title="bbox 415 2593 1454 2679; baseline 0.001 -22"><span class='ocrx_word' id='word_1_165' title='bbox 415 2593 540 2658; x_wconf 92' lang='lat' dir='ltr'>lterum</span> <span class='ocrx_word' id='word_1_166' title='bbox 578 2604 690 2658; x_wconf 89' lang='lat' dir='ltr'>autem</span> <span class='ocrx_word' id='word_1_167' title='bbox 729 2594 867 2657; x_wconf 88' lang='lat' dir='ltr'>ueniens</span> <span class='ocrx_word' id='word_1_168' title='bbox 904 2594 1087 2660; x_wconf 89' lang='lat' dir='ltr'>exchaetor</span> <span class='ocrx_word' id='word_1_169' title='bbox 1123 2596 1214 2679; x_wconf 89' lang='lat' dir='ltr'>apud</span> <span class='ocrx_word' id='word_1_170' title='bbox 1253 2594 1454 2659; x_wconf 85' lang='lat' dir='ltr'>Bemewelle</span> 
     </span>
     <span class='ocr_line' id='line_1_23' title="bbox 349 2697 1454 2780; baseline 0.001 -19"><span class='ocrx_word' id='word_1_171' title='bbox 349 2700 476 2779; x_wconf 88' lang='lat' dir='ltr'>accepit</span> <span class='ocrx_word' id='word_1_172' title='bbox 491 2697 687 2780; x_wconf 90' lang='lat' dir='ltr'>hospicium,</span> <span class='ocrx_word' id='word_1_173' title='bbox 703 2697 763 2761; x_wconf 89' lang='lat' dir='ltr'>sed</span> <span class='ocrx_word' id='word_1_174' title='bbox 785 2698 844 2761; x_wconf 88' lang='lat' dir='ltr'>uix</span> <span class='ocrx_word' id='word_1_175' title='bbox 867 2697 1043 2762; x_wconf 91' lang='lat' dir='ltr'>uoluerunt</span> <span class='ocrx_word' id='word_1_176' title='bbox 1064 2698 1225 2764; x_wconf 88' lang='lat' dir='ltr'>Canonici</span> <span class='ocrx_word' id='word_1_177' title='bbox 1247 2699 1337 2763; x_wconf 90' lang='lat' dir='ltr'>bono</span> <span class='ocrx_word' id='word_1_178' title='bbox 1357 2698 1454 2763; x_wconf 90' lang='lat' dir='ltr'>oculo</span> 
     </span>
     <span class='ocr_line' id='line_1_24' title="bbox 349 2801 1453 2884; baseline 0.004 -20"><span class='ocrx_word' id='word_1_179' title='bbox 349 2802 511 2884; x_wconf 87' lang='lat' dir='ltr'>respicere</span> <span class='ocrx_word' id='word_1_180' title='bbox 527 2804 560 2865; x_wconf 91' lang='lat' dir='ltr'>in</span> <span class='ocrx_word' id='word_1_181' title='bbox 576 2822 661 2865; x_wconf 90' lang='lat' dir='ltr'>eum.</span> <span class='ocrx_word' id='word_1_182' title='bbox 708 2801 830 2865; x_wconf 89' lang='lat' dir='ltr'>Postea</span> <span class='ocrx_word' id='word_1_183' title='bbox 847 2802 937 2866; x_wconf 91' lang='lat' dir='ltr'>misit</span> <span class='ocrx_word' id='word_1_184' title='bbox 957 2824 1058 2866; x_wconf 92' lang='lat' dir='ltr'>unum</span> <span class='ocrx_word' id='word_1_185' title='bbox 1076 2803 1119 2867; x_wconf 91' lang='lat' dir='ltr'>de</span> <span class='ocrx_word' id='word_1_186' title='bbox 1135 2805 1308 2868; x_wconf 89' lang='lat' dir='ltr'>monachis</span> <span class='ocrx_word' id='word_1_187' title='bbox 1329 2805 1396 2868; x_wconf 92' lang='lat' dir='ltr'>suis</span> <span class='ocrx_word' id='word_1_188' title='bbox 1412 2805 1453 2868; x_wconf 95' lang='lat' dir='ltr'>ad</span> 
     </span>
    </p>

    <p class='ocr_par' dir='ltr' id='par_1_5' title="bbox 247 2905 1457 3507">
     <span class='ocr_line' id='line_1_25' title="bbox 247 2905 1455 3003; baseline 0.005 -37"><span class='ocrx_word' id='word_1_189' title='bbox 247 2989 253 3003; x_wconf 89' lang='lat'><strong>.</strong></span> <span class='ocrx_word' id='word_1_190' title='bbox 352 2905 497 2968; x_wconf 88' lang='lat' dir='ltr'>Priorem</span> <span class='ocrx_word' id='word_1_191' title='bbox 519 2925 581 2987; x_wconf 94' lang='lat' dir='ltr'>pro</span> <span class='ocrx_word' id='word_1_192' title='bbox 601 2905 731 2969; x_wconf 87' lang='lat' dir='ltr'>duabus</span> <span class='ocrx_word' id='word_1_193' title='bbox 753 2906 872 2969; x_wconf 91' lang='lat' dir='ltr'>marcis</span> <span class='ocrx_word' id='word_1_194' title='bbox 894 2906 935 2969; x_wconf 89' lang='lat' dir='ltr'>ad</span> <span class='ocrx_word' id='word_1_195' title='bbox 958 2908 1217 2989; x_wconf 87' lang='lat' dir='ltr'>acquietandum</span> <span class='ocrx_word' id='word_1_196' title='bbox 1239 2908 1323 2972; x_wconf 89' lang='lat' dir='ltr'>allec</span> <span class='ocrx_word' id='word_1_197' title='bbox 1337 2929 1455 2986; x_wconf 89' lang='lat' dir='ltr'>suum;</span> 
     </span>
     <span class='ocr_line' id='line_1_26' title="bbox 350 3006 1456 3094; baseline 0.004 -23"><span class='ocrx_word' id='word_1_198' title='bbox 350 3018 384 3071; x_wconf 90' lang='lat' dir='ltr'>et</span> <span class='ocrx_word' id='word_1_199' title='bbox 401 3008 494 3071; x_wconf 92' lang='lat' dir='ltr'>Prior</span> <span class='ocrx_word' id='word_1_200' title='bbox 509 3010 699 3091; x_wconf 90' lang='lat' dir='ltr'>respondit:</span> <span class='ocrx_word' id='word_1_201' title='bbox 723 3006 879 3091; x_wconf 84' lang='lat' dir='ltr'>Quando,</span> <span class='ocrx_word' id='word_1_202' title='bbox 896 3010 1012 3092; x_wconf 90' lang='lat' dir='ltr'>inquit,</span> <span class='ocrx_word' id='word_1_203' title='bbox 1028 3010 1073 3074; x_wconf 89' lang='lat' dir='ltr'>l&#39;ui</span> <span class='ocrx_word' id='word_1_204' title='bbox 1090 3031 1154 3094; x_wconf 85' lang='lat' dir='ltr'>ego</span> <span class='ocrx_word' id='word_1_205' title='bbox 1174 3012 1318 3075; x_wconf 90' lang='lat' dir='ltr'>creditor</span> <span class='ocrx_word' id='word_1_206' title='bbox 1333 3011 1403 3075; x_wconf 90' lang='lat' dir='ltr'>eius</span> <span class='ocrx_word' id='word_1_207' title='bbox 1418 3021 1456 3075; x_wconf 88' lang='lat' dir='ltr'>ut</span> 
     </span>
     <span class='ocr_line' id='line_1_27' title="bbox 349 3110 1456 3194; baseline 0.004 -21"><span class='ocrx_word' id='word_1_208' title='bbox 349 3110 432 3174; x_wconf 88' lang='lat' dir='ltr'>allec</span> <span class='ocrx_word' id='word_1_209' title='bbox 450 3131 546 3174; x_wconf 92' lang='lat' dir='ltr'>suum</span> <span class='ocrx_word' id='word_1_210' title='bbox 568 3112 817 3194; x_wconf 84' lang='lat' dir='ltr'>acquietarem?</span> <span class='ocrx_word' id='word_1_211' title='bbox 849 3112 895 3176; x_wconf 91' lang='lat' dir='ltr'>Et</span> <span class='ocrx_word' id='word_1_212' title='bbox 916 3112 1023 3178; x_wconf 88' lang='lat' dir='ltr'>noluit</span> <span class='ocrx_word' id='word_1_213' title='bbox 1038 3114 1068 3176; x_wconf 89' lang='lat' dir='ltr'>ei</span> <span class='ocrx_word' id='word_1_214' title='bbox 1084 3115 1164 3179; x_wconf 91' lang='lat' dir='ltr'>dare</span> <span class='ocrx_word' id='word_1_215' title='bbox 1180 3136 1282 3178; x_wconf 90' lang='lat' dir='ltr'>unum</span> <span class='ocrx_word' id='word_1_216' title='bbox 1298 3114 1434 3177; x_wconf 92' lang='lat' dir='ltr'>obolum</span> <span class='ocrx_word' id='word_1_217' title='bbox 1449 3135 1456 3192; x_wconf 89' lang='lat'>;</span> 
     </span>
     <span class='ocr_line' id='line_1_28' title="bbox 349 3214 1457 3299; baseline 0.004 -21"><span class='ocrx_word' id='word_1_218' title='bbox 349 3222 383 3278; x_wconf 88' lang='lat' dir='ltr'>et</span> <span class='ocrx_word' id='word_1_219' title='bbox 398 3214 445 3277; x_wconf 90' lang='lat' dir='ltr'>sic</span> <span class='ocrx_word' id='word_1_220' title='bbox 461 3216 593 3297; x_wconf 88' lang='lat' dir='ltr'>quietus</span> <span class='ocrx_word' id='word_1_221' title='bbox 614 3224 665 3279; x_wconf 90' lang='lat' dir='ltr'>est</span> <span class='ocrx_word' id='word_1_222' title='bbox 687 3215 779 3279; x_wconf 89' lang='lat' dir='ltr'>Prior</span> <span class='ocrx_word' id='word_1_223' title='bbox 799 3216 952 3298; x_wconf 92' lang='lat' dir='ltr'>usquein</span> <span class='ocrx_word' id='word_1_224' title='bbox 969 3227 1158 3299; x_wconf 87' lang='lat' dir='ltr'>presentem</span> <span class='ocrx_word' id='word_1_225' title='bbox 1180 3219 1278 3283; x_wconf 91' lang='lat' dir='ltr'>diem.</span> <span class='ocrx_word' id='word_1_226' title='bbox 1325 3218 1457 3282; x_wconf 89' lang='lat' dir='ltr'>Deinde</span> 
     </span>
     <span class='ocr_line' id='line_1_29' title="bbox 350 3317 1457 3402; baseline 0.002 -21"><span class='ocrx_word' id='word_1_227' title='bbox 350 3317 428 3382; x_wconf 83' lang='lat' dir='ltr'>iecit</span> <span class='ocrx_word' id='word_1_228' title='bbox 448 3318 558 3383; x_wconf 89' lang='lat' dir='ltr'>leuare</span> <span class='ocrx_word' id='word_1_229' title='bbox 577 3318 762 3402; x_wconf 87' lang='lat' dir='ltr'>talliagium</span> <span class='ocrx_word' id='word_1_230' title='bbox 784 3319 828 3383; x_wconf 92' lang='lat' dir='ltr'>de</span> <span class='ocrx_word' id='word_1_231' title='bbox 849 3319 1040 3383; x_wconf 89' lang='lat' dir='ltr'>hominibus</span> <span class='ocrx_word' id='word_1_232' title='bbox 1061 3323 1129 3385; x_wconf 89' lang='lat' dir='ltr'>suis</span> <span class='ocrx_word' id='word_1_233' title='bbox 1144 3323 1187 3386; x_wconf 91' lang='lat' dir='ltr'>de</span> <span class='ocrx_word' id='word_1_234' title='bbox 1203 3322 1407 3395; x_wconf 86' lang='lat' dir='ltr'>Cestertone,</span> <span class='ocrx_word' id='word_1_235' title='bbox 1423 3328 1457 3383; x_wconf 87' lang='lat' dir='ltr'>et</span> 
     </span>
     <span class='ocr_line' id='line_1_30' title="bbox 350 3423 956 3507; baseline 0.005 -22"><span class='ocrx_word' id='word_1_236' title='bbox 350 3423 486 3487; x_wconf 91' lang='lat' dir='ltr'>retinuit</span> <span class='ocrx_word' id='word_1_237' title='bbox 501 3424 544 3486; x_wconf 89' lang='lat' dir='ltr'>ad</span> <span class='ocrx_word' id='word_1_238' title='bbox 560 3443 646 3505; x_wconf 91' lang='lat' dir='ltr'>opus</span> <span class='ocrx_word' id='word_1_239' title='bbox 661 3443 758 3486; x_wconf 88' lang='lat' dir='ltr'>suum</span> <span class='ocrx_word' id='word_1_240' title='bbox 775 3426 956 3507; x_wconf 92' lang='lat' dir='ltr'>proprium.</span> 
     </span>
    </p>
   </div>
   <div class='ocr_carea' id='block_1_3' title="bbox 240 3600 1357 3686">
    <p class='ocr_par' dir='ltr' id='par_1_6' title="bbox 240 3600 1357 3686">
     <span class='ocr_line' id='line_1_31' title="bbox 240 3600 1357 3686; baseline 0.008 -24"><span class='ocrx_word' id='word_1_241' title='bbox 240 3600 336 3651; x_wconf 64' lang='lat' dir='ltr'>truh</span> <span class='ocrx_word' id='word_1_242' title='bbox 456 3619 571 3684; x_wconf 83' lang='lat'>14,15.</span> <span class='ocrx_word' id='word_1_243' title='bbox 620 3604 790 3686; x_wconf 82' lang='lat' dir='ltr'>Compotus</span> <span class='ocrx_word' id='word_1_244' title='bbox 812 3604 850 3668; x_wconf 83' lang='lat' dir='ltr'>de</span> <span class='ocrx_word' id='word_1_245' title='bbox 875 3605 1051 3670; x_wconf 81' lang='lat' dir='ltr'>Cestertone</span> <span class='ocrx_word' id='word_1_246' title='bbox 1071 3606 1121 3669; x_wconf 88' lang='lat' dir='ltr'>ad</span> <span class='ocrx_word' id='word_1_247' title='bbox 1141 3604 1357 3671; x_wconf 83' lang='lat' dir='ltr'>Scaccarium.</span> 
     </span>
    </p>
   </div>
   <div class='ocr_carea' id='block_1_4' title="bbox 188 3748 1460 4172">
    <p class='ocr_par' dir='ltr' id='par_1_7' title="bbox 269 3748 1459 3821">
     <span class='ocr_line' id='line_1_32' title="bbox 269 3748 1459 3821; baseline -0.001 -16"><span class='ocrx_word' id='word_1_248' title='bbox 269 3755 286 3806; x_wconf 83' lang='lat' dir='ltr'>i.</span> <span class='ocrx_word' id='word_1_249' title='bbox 306 3771 338 3821; x_wconf 76' lang='lat'>²9</span> <span class='ocrx_word' id='word_1_250' title='bbox 405 3748 543 3802; x_wconf 86' lang='lat' dir='ltr'>Canonici</span> <span class='ocrx_word' id='word_1_251' title='bbox 553 3749 589 3802; x_wconf 91' lang='lat' dir='ltr'>de</span> <span class='ocrx_word' id='word_1_252' title='bbox 601 3749 772 3804; x_wconf 86' lang='lat' dir='ltr'>Bernewelle</span> <span class='ocrx_word' id='word_1_253' title='bbox 785 3748 905 3804; x_wconf 91' lang='lat' dir='ltr'>reddunt</span> <span class='ocrx_word' id='word_1_254' title='bbox 918 3760 1081 3819; x_wconf 90' lang='lat' dir='ltr'>compotum</span> <span class='ocrx_word' id='word_1_255' title='bbox 1094 3748 1130 3804; x_wconf 91' lang='lat' dir='ltr'>de</span> <span class='ocrx_word' id='word_1_256' title='bbox 1143 3760 1241 3803; x_wconf 61' lang='lat' dir='ltr'>xxxi.</span> <span class='ocrx_word' id='word_1_257' title='bbox 1251 3748 1329 3804; x_wconf 86' lang='lat' dir='ltr'>libris</span> <span class='ocrx_word' id='word_1_258' title='bbox 1343 3767 1459 3805; x_wconf 90' lang='lat' dir='ltr'>numero</span> 
     </span>
    </p>

    <p class='ocr_par' dir='ltr' id='par_1_8' title="bbox 352 3836 1457 3905">
     <span class='ocr_line' id='line_1_33' title="bbox 352 3836 1457 3905; baseline 0.003 -17"><span class='ocrx_word' id='word_1_259' title='bbox 352 3852 403 3905; x_wconf 90' lang='lat' dir='ltr'>pro</span> <span class='ocrx_word' id='word_1_260' title='bbox 416 3847 500 3890; x_wconf 85' lang='lat' dir='ltr'>.xxx.</span> <span class='ocrx_word' id='word_1_261' title='bbox 514 3836 593 3891; x_wconf 85' lang='lat' dir='ltr'>libris</span> <span class='ocrx_word' id='word_1_262' title='bbox 610 3836 720 3891; x_wconf 87' lang='lat' dir='ltr'>blancis</span> <span class='ocrx_word' id='word_1_263' title='bbox 736 3838 773 3892; x_wconf 88' lang='lat' dir='ltr'>de</span> <span class='ocrx_word' id='word_1_264' title='bbox 785 3836 867 3891; x_wconf 85' lang='lat' dir='ltr'>firma</span> <span class='ocrx_word' id='word_1_265' title='bbox 880 3837 944 3891; x_wconf 88' lang='lat' dir='ltr'>ville</span> <span class='ocrx_word' id='word_1_266' title='bbox 958 3853 1008 3892; x_wconf 91' lang='lat' dir='ltr'>sue</span> <span class='ocrx_word' id='word_1_267' title='bbox 1025 3838 1061 3891; x_wconf 89' lang='lat' dir='ltr'>de</span> <span class='ocrx_word' id='word_1_268' title='bbox 1078 3838 1251 3905; x_wconf 88' lang='lat' dir='ltr'>Cestertone,</span> <span class='ocrx_word' id='word_1_269' title='bbox 1263 3848 1291 3891; x_wconf 88' lang='lat' dir='ltr'>et</span> <span class='ocrx_word' id='word_1_270' title='bbox 1308 3838 1344 3891; x_wconf 91' lang='lat' dir='ltr'>de</span> <span class='ocrx_word' id='word_1_271' title='bbox 1361 3849 1457 3893; x_wconf 87' lang='lat' dir='ltr'>.xxx1.</span> 
     </span>
    </p>

    <p class='ocr_par' dir='ltr' id='par_1_9' title="bbox 188 3894 1460 4172">
     <span class='ocr_line' id='line_1_34' title="bbox 188 3894 1458 3997; baseline 0.002 -20"><span class='ocrx_word' id='word_1_272' title='bbox 188 3894 320 3997; x_wconf 40' lang='grc' dir='ltr'>ἔξω.</span> <span class='ocrx_word' id='word_1_273' title='bbox 352 3922 430 3978; x_wconf 88' lang='lat' dir='ltr'>libris</span> <span class='ocrx_word' id='word_1_274' title='bbox 442 3924 676 3993; x_wconf 82' lang='lat' dir='ltr'>pro.xxx.libris</span> <span class='ocrx_word' id='word_1_275' title='bbox 688 3925 798 3979; x_wconf 86' lang='lat' dir='ltr'>blancis</span> <span class='ocrx_word' id='word_1_276' title='bbox 811 3924 959 3979; x_wconf 82' lang='lat' dir='ltr'>decadem</span> <span class='ocrx_word' id='word_1_277' title='bbox 972 3926 1008 3979; x_wconf 91' lang='lat' dir='ltr'>de</span> <span class='ocrx_word' id='word_1_278' title='bbox 1020 3942 1095 3980; x_wconf 87' lang='lat' dir='ltr'>anno</span> <span class='ocrx_word' id='word_1_279' title='bbox 1108 3924 1247 3997; x_wconf 87' lang='lat' dir='ltr'>preterito.</span> <span class='ocrx_word' id='word_1_280' title='bbox 1283 3926 1314 3979; x_wconf 89' lang='lat' dir='ltr'>ln</span> <span class='ocrx_word' id='word_1_281' title='bbox 1327 3925 1458 3981; x_wconf 85' lang='lat' dir='ltr'>thesauro</span> 
     </span>
     <span class='ocr_line' id='line_1_35' title="bbox 188 3994 1460 4086; baseline 0.003 -21"><span class='ocrx_word' id='word_1_282' title='bbox 188 3994 338 4086; x_wconf 54' lang='lat' dir='ltr'>fflffim,</span> <span class='ocrx_word' id='word_1_283' title='bbox 352 4024 440 4066; x_wconf 65' lang='lat' dir='ltr'>‚xxm</span> <span class='ocrx_word' id='word_1_284' title='bbox 454 4012 552 4077; x_wconf 89' lang='lat' dir='ltr'>libras;</span> <span class='ocrx_word' id='word_1_285' title='bbox 568 4023 597 4068; x_wconf 91' lang='lat' dir='ltr'>et</span> <span class='ocrx_word' id='word_1_286' title='bbox 610 4012 753 4068; x_wconf 86' lang='lat' dir='ltr'>Willelmo</span> <span class='ocrx_word' id='word_1_287' title='bbox 766 4012 802 4067; x_wconf 90' lang='lat' dir='ltr'>de</span> <span class='ocrx_word' id='word_1_288' title='bbox 818 4014 998 4085; x_wconf 83' lang='lat' dir='ltr'>Hastingtot¹</span> <span class='ocrx_word' id='word_1_289' title='bbox 1017 4026 1079 4070; x_wconf 87' lang='lat' dir='ltr'><strong>.xx.</strong></span> <span class='ocrx_word' id='word_1_290' title='bbox 1093 4016 1178 4069; x_wconf 88' lang='lat' dir='ltr'>libras</span> <span class='ocrx_word' id='word_1_291' title='bbox 1191 4031 1262 4085; x_wconf 88' lang='lat' dir='ltr'>quas</span> <span class='ocrx_word' id='word_1_292' title='bbox 1279 4015 1398 4084; x_wconf 87' lang='lat' dir='ltr'>percipit</span> <span class='ocrx_word' id='word_1_293' title='bbox 1409 4032 1460 4085; x_wconf 89' lang='lat' dir='ltr'>per</span> 
     </span>
     <span class='ocr_line' id='line_1_36' title="bbox 188 4099 1459 4172; baseline 0.004 -19"><span class='ocrx_word' id='word_1_294' title='bbox 188 4100 268 4136; x_wconf 59' lang='grc' dir='ltr'>Μ’</span> <span class='ocrx_word' id='word_1_295' title='bbox 277 4100 303 4136; x_wconf 61' lang='grc' dir='ltr'><strong>ω</strong></span> <span class='ocrx_word' id='word_1_296' title='bbox 353 4116 458 4155; x_wconf 89' lang='lat' dir='ltr'>annum</span> <span class='ocrx_word' id='word_1_297' title='bbox 471 4099 507 4154; x_wconf 92' lang='lat' dir='ltr'>de</span> <span class='ocrx_word' id='word_1_298' title='bbox 524 4100 605 4155; x_wconf 86' lang='lat' dir='ltr'>firma</span> <span class='ocrx_word' id='word_1_299' title='bbox 616 4101 744 4171; x_wconf 85' lang='lat' dir='ltr'>predicta</span> <span class='ocrx_word' id='word_1_300' title='bbox 760 4102 852 4157; x_wconf 91' lang='lat' dir='ltr'>donec</span> <span class='ocrx_word' id='word_1_301' title='bbox 870 4102 931 4157; x_wconf 85' lang='lat' dir='ltr'>Rex</span> <span class='ocrx_word' id='word_1_302' title='bbox 943 4101 1097 4172; x_wconf 86' lang='lat' dir='ltr'>prouiderit</span> <span class='ocrx_word' id='word_1_303' title='bbox 1109 4104 1135 4157; x_wconf 89' lang='lat' dir='ltr'>ei</span> <span class='ocrx_word' id='word_1_304' title='bbox 1149 4102 1177 4157; x_wconf 90' lang='lat' dir='ltr'>in</span> <span class='ocrx_word' id='word_1_305' title='bbox 1189 4114 1252 4156; x_wconf 87' lang='lat' dir='ltr'>.xx.</span> <span class='ocrx_word' id='word_1_306' title='bbox 1265 4102 1373 4157; x_wconf 87' lang='lat' dir='ltr'>libratis</span> <span class='ocrx_word' id='word_1_307' title='bbox 1386 4111 1459 4158; x_wconf 87' lang='lat' dir='ltr'>terre</span> 
     </span>
    </p>
   </div>
   <div class='ocr_carea' id='block_1_5' title="bbox 188 4143 1459 4259">
    <p class='ocr_par' dir='ltr' id='par_1_10' title="bbox 188 4143 1459 4259">
     <span class='ocr_line' id='line_1_37' title="bbox 188 4143 1459 4259; baseline 0.008 -24"><span class='ocrx_word' id='word_1_308' title='bbox 188 4143 331 4245; x_wconf 36' lang='lat' dir='ltr'>&amp;aiibi-⁸</span> <span class='ocrx_word' id='word_1_309' title='bbox 352 4184 436 4257; x_wconf 91' lang='lat' dir='ltr'>[sicut</span> <span class='ocrx_word' id='word_1_310' title='bbox 448 4187 608 4243; x_wconf 87' lang='lat' dir='ltr'>continetur</span> <span class='ocrx_word' id='word_1_311' title='bbox 620 4187 648 4244; x_wconf 92' lang='lat' dir='ltr'>in</span> <span class='ocrx_word' id='word_1_312' title='bbox 662 4190 752 4243; x_wconf 90' lang='lat' dir='ltr'>rotulo</span> <span class='ocrx_word' id='word_1_313' title='bbox 765 4186 831 4259; x_wconf 78' lang='lat' dir='ltr'>1i⁰²].</span> <span class='ocrx_word' id='word_1_314' title='bbox 857 4190 895 4244; x_wconf 90' lang='lat' dir='ltr'>Et</span> <span class='ocrx_word' id='word_1_315' title='bbox 906 4189 935 4244; x_wconf 90' lang='lat' dir='ltr'>in</span> <span class='ocrx_word' id='word_1_316' title='bbox 948 4190 1047 4244; x_wconf 87' lang='lat' dir='ltr'>eadem</span> <span class='ocrx_word' id='word_1_317' title='bbox 1061 4191 1233 4245; x_wconf 87' lang='lat' dir='ltr'>allocacione</span> <span class='ocrx_word' id='word_1_318' title='bbox 1246 4202 1307 4245; x_wconf 84' lang='lat' dir='ltr'>.xx.</span> <span class='ocrx_word' id='word_1_319' title='bbox 1324 4189 1410 4245; x_wconf 84' lang='lat' dir='ltr'>libras</span> <span class='ocrx_word' id='word_1_320' title='bbox 1424 4189 1459 4245; x_wconf 91' lang='lat' dir='ltr'>de</span> 
     </span>
    </p>
   </div>
   <div class='ocr_carea' id='block_1_6' title="bbox 378 4288 1436 4445">
    <p class='ocr_par' dir='ltr' id='par_1_11' title="bbox 378 4288 1436 4445">
     <span class='ocr_line' id='line_1_38' title="bbox 378 4288 609 4349; baseline 0.004 -8"><span class='ocrx_word' id='word_1_321' title='bbox 378 4288 387 4322; x_wconf 88' lang='lat'><strong>¹</strong></span> <span class='ocrx_word' id='word_1_322' title='bbox 405 4291 502 4342; x_wconf 82' lang='lat' dir='ltr'>Hatent</span> <span class='ocrx_word' id='word_1_323' title='bbox 532 4328 538 4349; x_wconf 87' lang='lat'>,</span> <span class='ocrx_word' id='word_1_324' title='bbox 551 4293 579 4342; x_wconf 90' lang='lat' dir='ltr'><strong>M</strong></span> <span class='ocrx_word' id='word_1_325' title='bbox 602 4327 609 4341; x_wconf 89' lang='lat'><strong>.</strong></span> 
     </span>
     <span class='ocr_line' id='line_1_39' title="bbox 378 4292 1436 4445; baseline 0.005 -21"><span class='ocrx_word' id='word_1_326' title='bbox 378 4370 389 4403; x_wconf 88' lang='lat'><strong>²</strong></span> <span class='ocrx_word' id='word_1_327' title='bbox 405 4373 488 4425; x_wconf 85' lang='lat' dir='ltr'>These</span> <span class='ocrx_word' id='word_1_328' title='bbox 499 4292 708 4433; x_wconf 41' lang='lat' dir='ltr'>bbrdsfomitted</span> <span class='ocrx_word' id='word_1_329' title='bbox 719 4376 745 4425; x_wconf 91' lang='lat' dir='ltr'>in</span> <span class='ocrx_word' id='word_1_330' title='bbox 757 4376 800 4426; x_wconf 87' lang='lat' dir='ltr'>tbe</span> <span class='ocrx_word' id='word_1_331' title='bbox 813 4376 880 4439; x_wconf 74' lang='lat' dir='ltr'>MS,</span> <span class='ocrx_word' id='word_1_332' title='bbox 893 4376 958 4427; x_wconf 80' lang='lat' dir='ltr'>have</span> <span class='ocrx_word' id='word_1_333' title='bbox 969 4377 1033 4427; x_wconf 84' lang='lat' dir='ltr'>been</span> <span class='ocrx_word' id='word_1_334' title='bbox 1045 4379 1161 4443; x_wconf 88' lang='lat' dir='ltr'>supplied</span> <span class='ocrx_word' id='word_1_335' title='bbox 1172 4378 1235 4429; x_wconf 84' lang='lat' dir='ltr'>from</span> <span class='ocrx_word' id='word_1_336' title='bbox 1245 4379 1289 4429; x_wconf 83' lang='lat' dir='ltr'>the</span> <span class='ocrx_word' id='word_1_337' title='bbox 1298 4379 1359 4445; x_wconf 88' lang='lat' dir='ltr'>Pipe</span> <span class='ocrx_word' id='word_1_338' title='bbox 1368 4379 1436 4430; x_wconf 86' lang='lat' dir='ltr'>Roll.</span> 
     </span>
    </p>
   </div>
   <div class='ocr_carea' id='block_1_7' title="bbox 0 0 1612 5067">
    <p class='ocr_par' dir='ltr' id='par_1_12' title="bbox 0 0 1612 5067">
     <span class='ocr_line' id='line_1_40' title="bbox 0 0 1612 5067; baseline 0 0"><span class='ocrx_word' id='word_1_339' title='bbox 0 0 1612 5067; x_wconf 95' lang='lat' dir='ltr'> </span> 
     </span>
    </p>
   </div>
  </div>
 </body>
</html>
