3192 5067
348 340 422 391 210
446 318 607 416 Dispute
623 321 716 393 wilh
737 322 958 395 Carmeliles
974 326 1085 398 about
1103 325 1144 399 S.
1155 324 1292 423 Jolm’s
1329 324 1452 423 [noolc

429 699 474 759 18.
518 696 641 760 Fomra
662 698 897 779 composicionis
910 699 1000 779 facte
1021 696 1109 761 inter
1130 696 1305 763 Canonr'cos
1325 698 1364 761 de

580 801 775 865 eremelle
795 812 828 864 et
839 802 969 883 fratres
990 802 1029 865 de
1052 800 1208 868 Carmelo.

179 960 321 1062 {¹¹¹7thst
398 960 547 1017 Uniuersis
567 974 666 1017 sancte
690 963 788 1017 matris
814 962 941 1019 Ecclesia
963 962 1028 1016 filiis
1048 978 1165 1033 presens
1189 962 1324 1033 scripturn
1349 962 1451 1017 uisuris

178 1062 307 1113 innume
343 1049 389 1103 uel
412 1050 550 1107 audituris
575 1051 749 1106 Willelmus¹
772 1050 819 1105 dei
841 1050 937 1119 gracia
958 1049 1088 1120 Elyensis
1110 1051 1260 1120 episcopus
1280 1049 1398 1105 salutem
1421 1050 1451 1105 in

177 1112 329 1205 Ῐξξὲῖαῷω
344 1136 470 1204 Domino
488 1137 696 1210 sempiternam.

177 1211 332 1305 ffiffiffir
398 1226 541 1281 Noueritis
558 1244 611 1282 nos
626 1226 771 1298 quoddam
787 1227 1005 1281 instrumentum
1024 1225 1179 1295 inspexisse
1194 1226 1274 1280 cuius
1290 1236 1372 1281 tenor
1385 1227 1452 1281 talis

178 1313 305 1405 3225?
343 1324 405 1368 est:
435 1314 581 1371 Vniuersis
606 1316 710 1371 Christi
732 1316 864 1371 fidelibus
888 1316 926 1369 ad
946 1332 1018 1385 quos
1042 1314 1202 1385 peruenerit
1226 1316 1279 1370 hec
1303 1314 1450 1385 scriptura,

179 1411 307 1455 Bnmwen
344 1402 454 1472 Gvydo
468 1403 597 1459 officialis
612 1406 701 1475 patris
717 1404 826 1459 domini
843 1403 978 1459 Willelmi
996 1403 1041 1458 dei
1059 1404 1156 1472 gracia
1175 1403 1307 1473 Elyensis
1323 1404 1449 1475 episcopi

178 1464 313 1557 fflssffit‘,
342 1498 371 1543 et
384 1490 522 1545 Radulius
534 1492 751 1547 archidiaconus
764 1491 890 1546 eiusdem
904 1493 1024 1545 salutem
1038 1491 1067 1545 in
1080 1490 1197 1545 domino
1210 1491 1417 1562 sempiternam

179 1564 323 1665 ss‘effib'g,
396 1579 470 1633 Cum
492 1598 583 1651 nuper
603 1580 676 1635 inter
696 1581 844 1650 religiosos
866 1581 941 1635 viros
960 1580 1073 1634 tratrem
1097 1580 1250 1649 Symonem
1275 1580 1399 1635 Priorem
1420 1591 1450 1635 et

178 1674 235 1715 ¹²⁹⁴·
342 1679 515 1724 conuentum
530 1670 566 1724 de
584 1670 754 1726 Bemevelle
771 1680 894 1724 rectores
910 1669 1030 1725 ecclesie
1049 1668 1146 1723 Sancti
1165 1668 1304 1738 Johannis
1322 1669 1451 1738 baptiste

343 1757 524 1827 Cantebrigie
539 1768 568 1813 et
582 1759 729 1814 dominum
747 1760 902 1827 Symonem
917 1766 1084 1829 perpetuum
1097 1757 1232 1811 vicarium
1245 1774 1279 1812 ex
1292 1768 1370 1827 parte
1383 1774 1449 1824 vna,

342 1855 370 1901 et
393 1846 509 1902 tratrem
533 1847 707 1903 Willelmum
732 1848 858 1902 Priorem
884 1856 911 1901 et
933 1845 1032 1902 iratres
1054 1846 1161 1900 ordinis
1185 1846 1272 1901 Beate
1296 1844 1387 1900 Marie
1411 1845 1449 1899 de

342 1935 475 1989 Cannelo
486 1952 521 1990 ex
530 1936 626 2003 altera,
636 1952 720 2007 super
732 1952 768 1990 eo
779 1936 856 2006 quod
870 1935 897 1989 in
911 1934 1047 2004 parochia
1060 1934 1157 1989 Sancti
1171 1931 1309 2003 Johannis
1319 1931 1448 2004 predicta

341 2030 505 2093 perpetuam
518 2023 572 2077 sibi
584 2023 727 2092 elegerunt
739 2022 926 2089 mansionem,
936 2032 1011 2077 esset
1024 2023 1140 2077 suborta
1151 2021 1271 2077 materia
1282 2019 1448 2091 questionis,

342 2112 459 2169 tandem
478 2114 506 2169 in
527 2114 590 2185 ipsa
606 2114 729 2169 ecclesia
747 2115 845 2169 Sancti
864 2112 1003 2183 Johannis
1021 2113 1088 2183 .xij⁰.
1107 2114 1163 2167 lral.
1184 2110 1353 2167 Decembris
1371 2127 1449 2165 anno

267 2195 449 2256 s·todomini
471 2210 582 2257 .m⁰.cc⁰.
605 2203 791 2272 nonagesimo
812 2203 912 2273 primo,
933 2212 1029 2272 partes
1051 2202 1176 2273 predicte
1198 2218 1282 2271 super
1303 2200 1448 2271 premissis

340 2289 515 2345 ordinacioni
528 2300 624 2345 nostre
637 2308 667 2345 se
680 2290 840 2361 specialiter
851 2290 1049 2357 submiserunt,
1062 2300 1090 2345 et
1103 2306 1164 2357 nos,
1173 2288 1248 2343 fideli
1261 2288 1449 2359 inquisicione

341 2378 487 2447 premissa,
500 2395 535 2433 ex
551 2394 693 2433 consensu
709 2377 853 2449 utriusque
869 2378 957 2449 partis
974 2393 1115 2447 expresso,
1129 2377 1157 2431 in
1176 2376 1222 2432 dei
1240 2375 1355 2430 nomine
1372 2376 1448 2431 ordi·

341 2480 449 2519 namus.

178 2553 307 2643 hncffissn
395 2553 479 2622 Quod
500 2553 638 2622 videlicet,
661 2554 689 2608 in
713 2556 1010 2627 recompensacionem
1034 2554 1221 2625 dampnorum
1244 2553 1447 2624 omniumque

187 2652 328 2695 ormenae·
341 2641 476 2710 predictis
499 2643 655 2697 rectoribus
679 2652 707 2697 et
727 2643 833 2699 vicario
853 2654 882 2699 et
902 2658 999 2699 eorum
1024 2642 1234 2697 successoribus
1255 2641 1355 2696 tuturis
1377 2651 1446 2697 tem·

177 2702 321 2805 fflfflffi
342 2730 456 2799 poribus
468 2730 598 2785 euenient
610 2747 662 2801 pro
676 2731 809 2787 domibus
822 2743 849 2787 et
862 2732 924 2787 solo
936 2749 987 2803 per
999 2730 1141 2801 predictos
1152 2730 1252 2785 iratres
1264 2730 1301 2785 de
1315 2731 1446 2786 Carmelo

175 2802 321 2906 gifffihfgy
341 2817 369 2871 in
387 2818 547 2887 presencia²
565 2817 680 2874 inclusis
696 2831 724 2875 et
741 2820 907 2877 inhabitatis
925 2821 997 2875 infra
1015 2818 1180 2890 parochiam
1198 2818 1287 2873 sancti
1306 2817 1446 2890 Johannis

176 2904 315 2996 ffiffihtt
340 2906 516 2977 premissam,
538 2907 567 2961 in
591 2908 692 2977 quibus
713 2911 877 2979 parochiani
903 2921 969 2965 ante
990 2910 1119 2964 babitare
1141 2908 1278 2973 solebant,
1298 2925 1332 2963 ac
1353 2908 1445 2964 eidem

176 3004 219 3047 rne
229 3005 321 3046 noum
340 2992 458 3047 ecclesie
477 2993 638 3048 oblaciones
655 3004 683 3049 et
699 2995 826 3051 decimas
844 2998 1007 3067 personales
1023 2998 1131 3051 soluere
1148 3007 1177 3052 et
1195 2996 1292 3061 reales,
1308 3012 1326 3049 a
1344 2996 1446 3067 quibus

176 3054 318 3198 ζῖξξιὲξὲἵγ
340 3082 472 3135 omnibus
484 3081 584 3137 fratres
597 3083 713 3153 predicti
727 3084 763 3139 de
776 3086 908 3141 Carmelo
925 3102 955 3141 se
972 3094 1101 3141 asserunt
1115 3101 1165 3155 per
1176 3082 1354 3155 priuilegium
1369 3084 1446 3139 sedis

175 3155 308 3247 ss{„,2{',0
340 3169 494 3240 apostolice
522 3188 636 3243 prorsus
664 3171 813 3243 immunes,
839 3175 949 3230 soluent
976 3174 1094 3246 predicti
1121 3172 1200 3228 Prior
1228 3181 1256 3227 et
1280 3172 1381 3228 fratres
1409 3174 1446 3228 de

175 3254 326 3347 331111163ζί
340 3260 471 3314 Carmelo
492 3260 626 3330 predictis
647 3261 734 3315 Priori
752 3273 781 3319 et
799 3262 950 3319 conuentui
972 3264 1007 3319 de
1028 3262 1198 3317 Bernevelle
1219 3272 1248 3316 et
1266 3261 1320 3315 loci
1340 3261 1446 3317 vicario

174 3356 242 3397 -me
251 3356 305 3398 nto
339 3348 554 3417 quatuordecim
566 3348 671 3403 solidos
683 3351 838 3407 annuatim.

175 3406 321 3509 effigi?
392 3434 600 3491 Tenementum
621 3448 716 3493 autem
737 3441 815 3511 quod
833 3438 951 3510 predicti
970 3440 1070 3494 iratres
1089 3438 1125 3493 de
1147 3437 1279 3492 Carmelo
1300 3438 1446 3509 usquead

175 3507 320 3600 ,ffl‘gffy
339 3532 451 3593 tempus
463 3521 648 3579 confectionis
660 3525 837 3595 presencium
851 3526 1022 3581 incluserunt
1035 3541 1065 3579 se
1079 3524 1206 3579 extendit
1223 3524 1252 3578 in
1268 3523 1446 3593 longitudine

175 3569 326 3699 {ffigffrn
337 3626 357 3664 a
374 3619 463 3665 strata
480 3611 558 3681 regia
575 3629 664 3685 vsque
682 3613 720 3667 ad
740 3630 876 3685 magnam
894 3630 998 3686 aquam
1017 3622 1184 3680 currentem,
1203 3622 1231 3667 et
1250 3611 1279 3666 in
1297 3611 1445 3668 latitudine

174 3706 295 3749 rnecon-
338 3714 357 3752 a
380 3708 455 3753 terra
478 3716 533 3771 que
556 3701 608 3756 suit
635 3702 780 3773 quondam
805 3703 944 3773 Johannis
968 3702 1103 3758 Alueredi
1126 3716 1215 3772 vsque
1243 3700 1280 3755 ad
1305 3702 1444 3757 venellam

174 3756 325 3851 ἶξζὶιξῗζῖἷ
338 3786 494 3855 proximam
516 3805 571 3860 que
591 3788 669 3843 ducit
690 3789 728 3844 ad
748 3806 852 3861 aquam
874 3800 1033 3845 currentem
1054 3788 1217 3859 predictam.
1256 3788 1294 3842 Et
1314 3788 1382 3859 quia
1403 3789 1443 3844 in·

174 3858 324 3950 ξῇξξξωω,
338 3874 482 3931 habitacio
500 3875 618 3933 fratrum
636 3877 664 3932 in
686 3878 764 3933 dicta
784 3880 921 3949 parochia
939 3880 967 3933 in
989 3877 1190 3933 detrimentum
1211 3886 1239 3931 et
1257 3875 1443 3947 preiudicium

173 3958 327 4061 {sufflatae
339 3963 434 4033 vicarij
452 3964 580 4035 predicti,
598 3982 632 4021 ac
650 3965 872 4023 diminucionem
889 3977 1078 4039 prouentuum
1098 3984 1147 4021 sue
1164 3964 1267 4022 vicarie
1285 3965 1444 4037 aliqualiter

173 4064 271 4111 twenty
338 4052 515 4122 redundauit,
527 4054 645 4124 predicti
664 4055 744 4110 Prior
760 4065 788 4110 et
805 4066 961 4112 conuentus
973 4056 1010 4110 de
1027 4054 1198 4111 Bemewelle
1210 4053 1326 4109 domino
1339 4053 1444 4109 vicario

174 4108 325 4213 :minim
337 4140 452 4195 nomine
472 4140 577 4196 vicarie
594 4158 643 4197 sue
665 4143 701 4198 de
719 4143 818 4213 viginti
840 4143 937 4198 solidis
958 4158 1029 4213 quos
1048 4157 1066 4195 a
1087 4140 1142 4195 loci
1161 4139 1273 4195 vicariis
1292 4139 1445 4195 hactenus⁸

386 4288 394 4321 ¹
413 4290 525 4339 Williarn
537 4288 566 4338 ot
574 4288 666 4349 Loutb‚
680 4291 753 4340 orde
765 4292 846 4353 Luda,
860 4291 904 4355 bp.
917 4290 945 4341 oi
954 4290 1002 4353 Ely
1017 4290 1177 4353 rapo-1298
1189 4288 1225 4347 (d.
1242 4284 1393 4351 ²5.March).

385 4368 395 4399 ²
412 4370 606 4441 presenciarum,
619 4372 676 4423 MS.
938 4372 948 4401 ³
965 4380 1076 4431 actenus,
1091 4370 1150 4422 MS.
