3192 5067
145 391 177 490 1]
333 393 396 491 Of
409 392 521 491 King
536 392 669 493 solem·
700 392 782 465 ond
802 393 863 467 tlte
888 393 1074 468 Interdict
1206 413 1252 487 59

145 587 196 669 36.
240 585 293 652 De
312 588 401 672 Rege
426 586 579 662 Johanne
598 599 631 653 et
650 589 691 653 de
711 600 849 673 tempore
871 590 1038 656 interdicti
1058 590 1094 655 in
1116 590 1253 673 Anglia.
1267 610 1285 659 l.
1300 626 1330 661 ιο

212 719 289 782 Rex
319 719 490 801 Johannes
525 719 626 784 frater
661 718 731 784 eius
766 721 926 786 successit
961 722 999 786 ei.
1057 721 1133 799 Hic,
1163 720 1254 785 sacto

145 822 294 888 diuorcio
323 823 500 906 sollempni
532 825 617 888 inter
646 824 756 908 ipsum
787 835 822 889 et
852 845 990 889 uxorem
1023 846 1118 889 suam
1150 824 1251 889 filiam
1267 825 1375 926 {2¹5¹ss

144 928 277 994 comitis
313 926 528 1006 Gloucestrie‚
558 928 637 1011 quia
667 940 762 993 erant
792 928 909 994 affines
939 930 972 992 in
1009 931 1111 993 tercio
1146 931 1252 1012 gradu
1267 937 1416 1028 „gycffl

144 1032 451 1115 consanguinitatis,
467 1032 567 1096 duxit
587 1035 620 1097 in
642 1054 783 1099 uxorem
801 1034 904 1098 filiam
922 1034 1063 1101 Comitis
1079 1036 1121 1099 de
1139 1034 1252 1118 Engo-

145 1135 265 1202 lisma¹.
320 1137 460 1201 Factum
487 1146 539 1202 est
568 1139 724 1221 generale
754 1140 968 1204 interdictum
996 1139 1037 1202 in
1056 1138 1193 1222 Anglia,
1219 1148 1253 1202 et
1267 1150 1418 1243 mm

145 1242 271 1327 incepit
295 1263 384 1307 anno
411 1243 454 1307 ab
480 1242 712 1307 incarnacione
738 1244 868 1307 domini
895 1250 950 1307 m⁰.
972 1249 1031 1307 cc⁰.
1053 1243 1142 1325 viij⁰.,
1165 1263 1253 1307 nono
1266 1252 1308 1343 ξιξ,
1319 1250 1393 1342 23⁰⁶*

148 1346 223 1410 Kal.
266 1346 401 1430 Aprilis,
443 1345 522 1410 seria
560 1346 707 1410 secunda
746 1358 824 1431 post
865 1348 1008 1431 primam
1049 1348 1252 1411 dominicam
1267 1349 1417 1450 {amem

146 1452 309 1534 passionis
329 1452 457 1515 domini
471 1473 478 1528 ;
502 1462 535 1515 et
550 1452 684 1516 durauit
700 1473 806 1535 usque
822 1454 854 1516 in
871 1472 996 1517 annum
1015 1452 1254 1517 incarnacionis
1267 1450 1398 1550 ffifgffh·

146 1556 274 1619 domini
287 1562 341 1622 m⁰.
354 1562 412 1621 cc⁰.
425 1557 517 1620 xiiii⁰.
557 1556 635 1620 Rex
649 1578 727 1622 uero
741 1559 773 1620 in
786 1558 928 1622 exordio
940 1556 1107 1621 interdicti
1120 1555 1254 1639 publico
1268 1563 1326 1601 ¹²¹⁴·

145 1656 257 1719 edicto
283 1655 432 1721 redditus
462 1665 496 1721 et
530 1657 756 1739 possessiones
791 1656 1006 1721 ecclesiarum
1038 1676 1254 1739 personarum

146 1759 295 1843 precepit
320 1759 501 1825 confiscari.
559 1760 669 1837 Unde,
692 1762 828 1845 prelatis
855 1760 994 1825 ecclesie
1021 1760 1160 1824 exilium
1184 1781 1254 1824 sus-

146 1866 338 1941 tinentibus,
366 1877 436 1940 tam
467 1865 573 1930 clerus
602 1886 704 1949 quam
736 1866 880 1950 populus
907 1886 966 1949 per
991 1865 1253 1947 quinquennium

146 1972 306 2055 pressuris
323 1973 421 2036 uariis
436 1982 471 2035 et
486 1972 642 2054 dampnis
658 1972 806 2034 onerosis
822 1967 965 2034 afflictus
984 1980 1042 2035 est.
1088 1969 1255 2033 Dominus

146 2088 260 2142 autem
286 2097 376 2161 papa
406 2098 466 2159 per
495 2077 720 2141 internuncios
750 2076 900 2160 epistolis
930 2076 998 2139 suis
1029 2074 1254 2140 mediantibus

145 2202 222 2247 eum
250 2183 294 2246 de
317 2201 426 2246 errore
449 2201 511 2245 suo
534 2180 657 2245 blande
682 2180 867 2263 leniterque
892 2181 984 2244 nisus
1012 2191 1063 2245 est
1089 2200 1254 2257 reuocare,

145 2288 205 2351 sed
227 2286 367 2363 lrustra;
389 2295 423 2350 et
444 2286 520 2349 ideo
540 2286 574 2349 in
595 2306 772 2369 personam
789 2286 915 2369 regiam
931 2286 1136 2351 sentenciam
1152 2286 1254 2349 dedit.

146 2390 301 2455 Tandem
332 2389 478 2473 prefatus
509 2410 569 2453 rex
594 2389 766 2472 Johannes
793 2389 956 2473 obligauit
986 2411 1022 2453 se
1052 2400 1085 2455 et
1115 2389 1254 2454 heredes

145 2515 224 2559 suos
265 2494 498 2577 inperpetuum
542 2503 655 2557 tenere
697 2514 837 2577 regnum
880 2492 1005 2576 Anglie
1042 2502 1076 2558 et
1114 2513 1253 2576 regnum

148 2598 322 2682 Hybernie
337 2596 380 2661 de
395 2596 534 2660 domino
555 2617 652 2681 papa,
666 2596 830 2661 soluendo
846 2617 907 2679 pro
927 2598 975 2661 eis
996 2597 1136 2681 singulis
1158 2598 1254 2661 annis

146 2705 380 2788 inperpetuum
397 2702 495 2769 Curie
512 2702 666 2766 Romane
681 2722 733 2766 .m.
750 2722 878 2765 marcas
894 2702 1137 2784 sterlingorum.
1252 2688 1254 2691 ⁵

212 2808 393 2875 Sciendum
420 2806 511 2889 quod
539 2828 639 2871 causa
665 2806 832 2870 interdicti
863 2804 925 2869 fuit
954 2804 1039 2869 talis.
1085 2803 1254 2869 Defuncto
1267 2810 1387 2860 whythe

1269 2860 1387 2901 Interdlct

148 2913 304 2977 Huberto
328 2908 616 2994 Archiepiscopo',
637 2920 671 2975 et
693 2907 883 2994 Stephano⁸
905 2919 1021 2973 contra
1044 2910 1252 2974 uoluntatem
1267 2922 1418 3012 immo„

146 3018 232 3100 regis
259 3036 318 3099 per
344 3015 518 3079 dominum
549 3034 672 3098 papam
703 3014 941 3078 Innocencium
972 3014 1163 3091 substitut0,
1193 3034 1252 3078 rex
1268 3010 1393 3063 ”ffl-

145 3122 255 3205 ipsum
280 3120 581 3203 Archiepiscopum
610 3119 819 3202 Stephanum
852 3117 884 3181 in
916 3118 995 3181 sede
1021 3137 1083 3181 sua
1109 3118 1254 3200 recipere

147 3226 320 3292 recusauit.
367 3226 507 3308 Insuper
534 3233 568 3288 et
595 3233 799 3288 conuentum
827 3222 1078 3288 Cantuariensis
1106 3222 1254 3286 Ecclesie

146 3342 283 3416 propter
316 3329 517 3393 eleccionem
553 3328 624 3392 eius
654 3348 714 3411 per
743 3325 903 3390 satellites
934 3348 1012 3389 suos
1041 3326 1084 3389 de
1114 3326 1254 3391 ecclesia

145 3446 261 3501 sancte
292 3433 467 3499 Trinitatis
496 3432 601 3509 eiecit,
625 3442 659 3495 et
685 3430 729 3495 ab
757 3430 884 3513 Anglia
911 3429 1090 3513 expulsum
1117 3429 1255 3494 exulare

146 3540 265 3624 coegit

214 3642 283 3705 lste
310 3661 369 3703 rex
395 3638 566 3722 Johannes
593 3635 687 3700 dedit
713 3634 811 3699 nobis
837 3634 954 3698 decem
986 3633 1087 3698 libras
1117 3636 1159 3699 de
1189 3635 1412 3744 ele·}{,?,'s,'3¹‘,¹,{¹,‘

149 3746 279 3810 mosina
303 3764 373 3820 sua,
397 3754 431 3807 et
456 3740 547 3823 regni
575 3740 625 3803 sui
652 3759 741 3803 anno
767 3739 876 3820 primo
899 3738 1063 3801 concessit
1085 3738 1254 3802 canonicis
1266 3742 1352 3835 *effi
1354 3805 1367 3834 ι
1371 3788 1418 3836 3¹⁰

146 3852 190 3915 de
215 3847 415 3913 Bemewelle
441 3844 626 3909 manerium
650 3844 693 3907 de
717 3843 915 3908 Cestertone
938 3842 981 3906 ad
1005 3841 1094 3906 feodi
1122 3841 1251 3907 firmam
1267 3841 1374 3944 ggffly,

146 3976 207 4040 pro
222 3975 318 4018 mxx.
334 3952 425 4015 libris
447 3949 604 4027 blanchis,
621 3950 667 4011 ita
682 3948 772 4030 quod
794 3947 927 4031 quietus
942 3956 1030 4010 esset
1045 3948 1089 4010 de
1104 3967 1147 4011 .x.
1163 3945 1254 4010 libris
1267 3943 1391 4036 ‘mnfnffis

146 4060 189 4124 de
204 4058 386 4123 elemosina
401 4056 559 4138 predicta
1266 4043 1381 4135 τεῦξαι.

195 4186 204 4218 ¹
222 4179 651 4252 Engolismo,1lls.=Angouleme.

193 4270 205 4302 ¹
221 4270 321 4320 Hubert
333 4267 503 4326 Flu-Walter,
516 4266 578 4331 Abp
589 4264 618 4315 oi
625 4264 783 4327 Canterbury
797 4278 956 4327 1193-1205
970 4262 1005 4321 (d.
1022 4278 1049 4326 ¹3
1060 4260 1138 4327 July).

193 4352 333 4417 ’Stepheu
350 4352 474 4416 ungtou,
492 4347 653 4398 consecrated
670 4346 731 4410 nbp
748 4346 780 4409 by
799 4347 868 4409 Pope
887 4345 1010 4394 innocent
1028 4345 1080 4394 111.
1095 4354 1122 4394 at
1140 4344 1252 4408 Viterbo,

148 4454 176 4502 17
186 4438 261 4502 June,
278 4450 338 4498 1207
352 4434 387 4497 (d.
399 4434 493 4499 ojuly,
508 4434 589 4493 ηαδ).
