3192 5067
364 345 430 415 13²
628 321 666 394 T
661 320 705 393 bc
728 320 839 394 house
864 321 912 418 of
936 321 1096 396 Thomas
1129 322 1167 395 T
1154 322 1214 419 yd
1342 317 1462 423 [boon

414 563 462 628 51.
507 546 557 611 Dc
571 546 706 629 placitas
721 556 797 629 post
819 547 1057 611 itineracionem
1079 548 1118 612 de
1139 548 1231 612 donto
1253 547 1417 631 Magistri

655 652 771 715 Thome
792 652 832 715 de
859 653 889 715 T
879 654 933 734 yd
943 665 1007 736 per
1025 674 1180 735 assysam.

197 823 349 925 {minem
426 807 684 870 Memorandum
714 809 805 891 quod
837 828 912 871 cum
945 808 1104 891 magister
1133 808 1282 871 Thomas
1313 807 1355 871 de
1388 805 1464 891 Tyd

196 923 339 1016 maim
360 911 498 975 domum
522 932 616 975 suam
640 932 742 995 quam
766 912 976 976 inhabitabat
998 912 1031 975 in
1057 913 1213 996 parochia
1233 914 1339 976 sancti
1362 911 1467 975 Bene·

197 1022 311 1116 2223}
360 1016 440 1080 dicti
463 1015 678 1097 Cantabrigie
700 1015 903 1079 existentem
927 1016 1023 1078 nobis
1044 1014 1248 1091 contulisset,
1264 1016 1400 1098 quidam
1422 1036 1465 1077 ex

197 1124 327 1217 2223?-
360 1129 455 1203 parte
484 1119 610 1183 domini
643 1119 766 1201 Rogeri
797 1119 841 1182 de
871 1120 1093 1202 Trumpitone
1125 1129 1256 1183 nostros
1286 1120 1466 1183 seruientes

198 1225 295 1317 ξξξξὴ·
360 1226 527 1289 eiecerunt
539 1225 582 1288 de
597 1225 715 1288 eadem
727 1226 839 1301 domo,
855 1234 889 1288 et
901 1244 962 1288 nos
977 1224 1248 1307 disseysiuerunt.
1281 1224 1466 1307 Impetrato

198 1325 303 1427 RQ·
361 1348 440 1392 vero
454 1327 549 1391 breui
565 1327 607 1391 de
624 1348 713 1391 noua
735 1327 935 1410 disseysyna
955 1346 1068 1390 eoram
1088 1326 1248 1410 magistro
1271 1326 1404 1409 Rogero
1424 1327 1467 1389 de

198 1436 254 1479 ¹²⁷³
362 1433 512 1514 Seytone
527 1432 560 1495 in
577 1433 722 1496 crastino
737 1442 853 1496 sancte
867 1431 1000 1515 Juliane
1015 1432 1165 1515 virginis¹
1189 1432 1348 1495 dixerunt
1369 1431 1465 1495 iurati

360 1535 449 1615 quod
478 1533 644 1615 disseysiti
668 1533 798 1597 fuimus.
846 1533 947 1599 Unde
978 1534 1246 1616 recuperauimus
1276 1552 1464 1615 seysynarn.

362 1637 526 1720 Requisiti
549 1658 627 1700 vero
650 1638 729 1721 quid
754 1638 833 1701 iuris
855 1638 1032 1702 habuimus
1053 1638 1086 1701 in
1103 1638 1192 1702 dicta
1208 1637 1319 1714 domo,
1335 1646 1369 1701 et
1385 1637 1464 1720 quid

359 1742 489 1824 seruicij
527 1742 601 1823 alijs
636 1742 714 1806 inde
749 1742 942 1819 debebatur,
980 1742 1140 1806 dixerunt
1178 1742 1268 1825 quod
1307 1742 1466 1823 magister

360 1846 510 1910 Thomas
540 1847 583 1910 de
612 1846 690 1929 Tyd
720 1848 929 1930 comparauit
960 1846 1052 1910 illam
1084 1848 1222 1911 domum
1253 1846 1296 1910 de
1329 1846 1465 1910 Herueo

360 1948 527 2033 Gogging,
563 1948 735 2013 reddendo
771 1950 880 2014 eidem
918 1971 1020 2014 vnum
1059 1950 1195 2014 obolum
1238 1970 1385 2014 annuum
1432 1960 1466 2014 et

362 2053 560 2118 monialibus
583 2064 697 2118 sancte
721 2054 940 2137 Radegundis
963 2064 1107 2137 quatuor
1131 2053 1264 2119 solidos.
1312 2054 1465 2119 Herueus

360 2180 439 2223 uero
454 2158 536 2223 emit
551 2158 693 2223 eandem
709 2159 849 2222 domum
865 2158 907 2222 de
924 2160 1084 2241 magistro
1101 2158 1214 2222 Adam
1227 2159 1270 2222 de
1283 2158 1466 2233 Schelsord,

360 2261 531 2325 reddendo
561 2262 590 2325 ei
621 2262 793 2326 annuatim
824 2283 926 2326 vnum
957 2262 1138 2326 denarium.
1195 2264 1357 2346 Magister
1388 2284 1467 2327 vero

361 2364 503 2449 A[dam]
520 2351 803 2431 habuit'eandem
825 2369 963 2430 domum
984 2368 1027 2431 de
1048 2366 1138 2430 dono
1157 2368 1284 2431 domini
1302 2368 1465 2431 Eborardi

283 2473 301 2523 f.
315 2490 347 2540 49
360 2468 403 2532 de
433 2468 662 2552 Trumpitone.
708 2470 872 2553 Requisiti
903 2470 930 2533 si
961 2470 1041 2553 quid
1079 2470 1206 2553 seruicij
1239 2474 1339 2535 annui
1376 2470 1464 2535 idem

361 2572 584 2657 E[borardus]
616 2574 693 2638 inde
722 2577 846 2659 recepit
883 2574 1042 2639 dixerunt
1077 2576 1166 2659 quod
1204 2597 1264 2640 nec
1300 2576 1370 2659 ipse
1406 2598 1465 2641 nec

360 2676 498 2740 heredes
519 2678 568 2741 sui
591 2677 715 2761 aliquid
736 2678 816 2742 inde
837 2689 1038 2761 receperunt
1086 2678 1211 2743 Actum
1233 2680 1322 2763 apud
1344 2680 1464 2745 Cante-

360 2781 501 2863 brigiam
517 2782 571 2844 die
587 2791 763 2864 prenotato
778 2802 868 2845 anno
885 2784 976 2866 regni
994 2784 1079 2865 regis
1097 2782 1284 2867 E[dwardi]
1303 2782 1361 2865 filij
1380 2784 1464 2867 regis

363 2884 500 2947 Henrici
517 2886 632 2967 primo.

392 3124 441 3191 52.
485 3111 537 3174 De
558 3111 700 3175 dimidia
723 3112 855 3196 virgata
880 3122 963 3176 terre
982 3136 1082 3197 quam
1104 3116 1212 3199 Roger
1231 3116 1375 3179 vicarius
1396 3114 1434 3177 de

504 3214 640 3279 Brunne
661 3216 766 3280 tenuit
785 3216 825 3279 de
845 3216 974 3282 domino
1000 3218 1171 3303 G[ilberto]
1194 3219 1316 3283 Pecclte.

427 3374 686 3439 Memorandum
710 3376 801 3457 quod
829 3376 861 3437 in
888 3374 973 3438 sesto
998 3375 1183 3439 natiuitatis
1207 3374 1305 3438 beate
1329 3373 1464 3455 virginis

362 3478 468 3569 Marie
510 3500 599 3542 anno
643 3478 1194 3563 domini.m⁰.cc⁰.lxx⁰.quinto
1235 3478 1328 3542 dedit
1371 3477 1465 3541 nobis

200 3594 341 3637 nomnen
361 3582 516 3646 dominus
536 3582 707 3647 Gilbertus
729 3582 856 3646 Pecche
879 3604 981 3647 unam
1002 3583 1175 3647 dimidiam
1197 3583 1361 3664 virgatam
1381 3592 1466 3645 terre

198 3650 294 3787 {iffi
361 3684 395 3747 in
417 3684 495 3749 villa
518 3696 552 3750 et
575 3688 608 3749 in
631 3687 761 3770 campis
783 3686 827 3750 de
851 3686 994 3763 Brunne,
1017 3706 1118 3768 quam
1148 3685 1329 3768 aliquando
1359 3684 1466 3748 tenuit

198 3795 340 3839 wittone
361 3788 517 3853 dominus
541 3791 695 3873 Rogerus
717 3791 859 3853 vicarius
882 3792 924 3853 de
947 3790 1074 3867 eadem,
1099 3799 1132 3853 et
1154 3790 1292 3853 domino
1315 3788 1466 3853 Gilberto
1552 3859 1558 3874 ,

198 3846 300 3888 canona

198 3895 331 3998 meos
361 3892 510 3974 quietum
533 3894 692 3958 clamauit
715 3895 756 3958 ad
781 3914 866 3977 opus
889 3902 1039 3957 nostrum
1067 3913 1127 3976 pro
1154 3892 1285 3955 duobus
1309 3890 1466 3971 corredijs

198 3998 293 4099 22³3}
303 4047 341 4090 sor
361 4017 427 4079 que
442 3998 471 4061 ei
483 4000 707 4062 concessimus
720 4000 761 4062 ad
776 3998 891 4084 [opus]
904 4020 998 4062 suum
1015 4009 1222 4082 perpetuum,
1234 3997 1359 4063 scilicet
1371 3996 1466 4060 unius

198 4110 312 4190 3¹¹¹,ng
361 4102 511 4166 canonici
535 4111 569 4165 et
590 4104 687 4167 vuius
710 4103 804 4167 liberi
827 4103 1010 4179 seruientiS,
1033 4112 1067 4166 et
1089 4103 1275 4187 hospicium
1299 4101 1362 4165 sibi
1388 4121 1466 4163 con·

199 4198 325 4291 122¹ffi9·
362 4225 481 4288 gruum
498 4206 582 4270 infra
597 4208 722 4271 curiam
738 4217 887 4272 nostram
900 4206 942 4270 de
955 4206 1166 4275 Berneweile.
1205 4206 1268 4270 Pro
1280 4204 1466 4270 donatione

199 4299 330 4341 semiuion

199 4348 227 4394 oi
237 4350 306 4403 eight
840 4368 850 4405 ι
869 4385 899 4423 n
912 4370 983 4435 Mn,
