3192 5067
685 1444 856 1518 LIBER
893 1442 1154 1519 TERTIUS.

363 1680 425 1755 De
434 1681 597 1779 placz'tz's,
618 1680 859 1777 lnfhrtunisc,
881 1680 1131 1753 Itzircracione
1141 1678 1466 1779 Justz'ciariomm,

604 1809 639 1873 et
662 1799 753 1897 alijs
778 1798 1031 1873 unanimius
1056 1797 1225 1873 dz'uersrk.

388 2049 413 2096 1.
458 2030 624 2095 Placitum
637 2040 748 2095 contra
763 2030 944 2094 Manilium
959 2050 1086 2094 vxorem
1105 2027 1259 2111 Galsn'di
1270 2028 1310 2092 de
1324 2026 1452 2091 Howes.

200 2204 354 2300 {affini
430 2186 687 2251 Memorandum
709 2186 798 2269 quod
822 2185 991 2251 Galsridus
1011 2185 1054 2248 de
1077 2184 1202 2248 Howes
1223 2184 1330 2247 tenuit
1352 2203 1468 2266 quam-

200 2306 305 2399 yffi·
363 2292 441 2356 dam
458 2300 580 2356 terram
597 2292 629 2355 in
647 2292 864 2375 Maddingele
877 2291 919 2355 de
933 2292 1043 2355 Priore
1058 2289 1243 2354 Laurencio
1255 2298 1288 2353 et
1300 2298 1466 2353 conuentu

200 2369 314 2501 {effic
363 2398 406 2461 de
443 2396 652 2474 Bemewelie,
683 2396 725 2461 ad
761 2397 941 2461 terminum
978 2396 1046 2459 vite
1081 2415 1149 2473 sue,
1182 2413 1241 2477 per
1275 2392 1342 2457 tale
1375 2413 1467 2475 cyro-

363 2501 547 2586 graphum:

635 2702 663 2749 2.
710 2684 813 2751 Carta
840 2684 994 2767 Galfn'di
1015 2684 1054 2749 de
1077 2683 1205 2749 Howes.

199 2861 349 2913 agreement
417 2840 515 2896 Sciant
533 2849 679 2911 presentes
698 2848 727 2893 et
746 2837 829 2891 futuri
849 2837 926 2909 quod
945 2854 998 2907 ego
1016 2836 1160 2892 Galfridus
1177 2836 1250 2892 tilius
1268 2834 1414 2891 Godeiridi
1431 2834 1466 2889 de

198 2911 313 3013 &ciffi
364 2928 469 2980 Horres
485 2924 578 2995 recepi
595 2941 612 2978 a
630 2924 787 2979 Laurencio
806 2924 902 2979 Priore
914 2932 942 2978 et
956 2924 1105 2978 Conuentu
1119 2921 1247 2977 Ecclesie
1264 2922 1353 2977 sancti
1372 2921 1464 2991 Egidij

199 3011 328 3103 zm&
362 3013 398 3067 de
418 3012 588 3067 Berneweile
601 3011 700 3081 viginti
717 3022 746 3066 et
763 3028 848 3065 vnam
865 3010 960 3065 acras¹
978 3022 1005 3065 et
1021 3028 1107 3065 vnam
1124 3010 1223 3065 rodam
1241 3022 1313 3067 terre
1331 3009 1466 3078 atrabilis,

200 3112 327 3154 Lnuoenee
362 3111 390 3154 et
411 3116 496 3154 vnam
518 3116 614 3153 acram
637 3109 665 3153 et
690 3098 837 3166 dimidiam
862 3099 897 3153 de
922 3108 1011 3169 prato,
1031 3098 1108 3153 illam
1131 3098 1236 3153 scilicet
1257 3109 1360 3153 terram
1382 3115 1466 3169 quam

198 3162 343 3254 ffifflwi
363 3186 533 3243 Godeiridus
558 3196 638 3256 pater
660 3204 741 3243 meus
766 3186 855 3243 tenuit
879 3187 916 3242 de
940 3187 1068 3257 predicto
1093 3187 1188 3243 Priore
1213 3198 1240 3242 et
1265 3198 1405 3243 conuentu
1430 3188 1467 3242 ad

199 3260 348 3355 fffflehg’sffl
362 3275 535 3331 uoluntatem
560 3276 738 3330 eorum-ad
762 3274 922 3329 habendam
949 3285 977 3330 et
1006 3276 1158 3330 tenendam
1183 3292 1269 3346 quam
1298 3274 1346 3330 diu
1372 3275 1467 3331 uixero

198 3360 308 3454 ffiffn
362 3363 448 3419 libere
472 3373 501 3418 et
529 3362 623 3434 quiete
652 3364 789 3419 soluendo
814 3363 880 3419 inde
905 3362 946 3418 eis
971 3380 1022 3434 per
1045 3380 1151 3420 annum
1181 3380 1283 3419 nouem
1308 3364 1414 3420 solidos
1438 3373 1466 3419 et

200 3462 317 3513 unaing·
362 3460 482 3523 quatuor
496 3450 627 3506 denarios
645 3463 673 3507 et
692 3468 779 3506 unum
797 3451 984 3522 quadrantem
1003 3452 1040 3505 ad
1059 3450 1130 3506 duos
1149 3451 1292 3518 terminos,
1306 3450 1412 3507 scilicet
1429 3450 1465 3505 ad

197 3511 325 3605 {ffi'tffif
361 3538 465 3594 festum
490 3540 582 3593 sancti
608 3538 757 3593 Michaelis
784 3548 905 3609 quatuor
933 3538 1038 3593 solidos
1063 3548 1091 3593 et
1115 3548 1180 3593 octo
1205 3537 1352 3603 denarios;
1377 3548 1404 3592 et
1428 3538 1466 3592 ad

195 3611 323 3714 affirm
363 3625 474 3679 Pascha

196 3712 286 3755 ⁸h⁰²¹¹d
363 3713 467 3768 Nataie
485 3714 557 3767 duos
576 3730 715 3785 capones;
738 3731 790 3785 pro
812 3714 944 3769 omnibus
966 3713 1092 3785 seruicijs
1114 3725 1143 3767 et
1166 3712 1417 3769 consuetudinibus
1438 3721 1466 3766 et

197 3769 327 3856 iiii‘itntoi.
360 3800 562 3869 exactionibus,
575 3802 661 3857 saluis
678 3812 773 3856 tamen
790 3802 844 3857 illis
861 3802 1113 3857 consuetudinibus
1131 3818 1201 3873 quas
1220 3812 1293 3857 terra
1312 3801 1359 3856 illa
1375 3800 1466 3854 iacere

361 3890 487 3945 solebat:
505 3899 533 3945 et
546 3898 610 3959 post
622 3898 741 3944 mortem
754 3905 848 3943 meam
861 3899 920 3944 tota
933 3899 1006 3945 terra
1020 3889 1216 3959 prenominata
1227 3888 1322 3958 quieta
1335 3898 1362 3942 et
1375 3887 1466 3941 soluta

360 3976 399 4031 ad
417 3978 494 4047 ipsos
515 3986 675 4032 reuertetur.
714 3977 769 4030 Pro
790 3978 845 4033 hac
864 3986 959 4031 autem
979 3976 1163 4032 concessione
1184 3986 1212 4031 et
1232 3986 1308 4031 carte
1329 3992 1378 4031 sue
1399 3990 1465 4030 con-

361 4065 524 4121 firmacione
541 4066 607 4121 dedi
626 4062 752 4135 predicto
772 4064 860 4119 Priori
879 4075 907 4119 et
926 4064 1079 4120 conuentui
1098 4074 1154 4119 tres
1173 4080 1284 4119 marcas
1302 4062 1409 4133 argenti
1430 4062 1465 4118 de

361 4170 500 4223 gersuma.
538 4156 576 4209 Et
600 4153 635 4207 de
660 4152 714 4207 isto
739 4162 901 4208 tenemento
923 4152 1088 4208 fidelitatem
1110 4152 1150 4207 eis
1172 4152 1342 4207 seruandam
1363 4150 1464 4221 juraui.

362 4240 401 4294 Et
419 4240 448 4293 in
467 4240 549 4295 huius
568 4240 606 4295 rei
625 4240 818 4296 testimonium
837 4250 888 4296 etc.
909 4240 963 4295 hiis
982 4241 1102 4295 testibus
1120 4250 1173 4295 etc.

814 4410 823 4446 ¹
840 4426 932 4469 acram,
946 4410 1003 4465 MS.
