3192 5067
391 320 504 416 Officr
530 322 579 418 uf
595 322 657 395 the
683 322 788 420 Holy
821 322 859 395 T
853 322 974 420 rinz'ty
1200 342 1244 416 17

128 502 181 566 uie
205 504 276 565 eius.
319 505 396 583 Quis
420 506 501 568 enirn
526 507 668 587 cognouit
694 528 815 571 sensum
840 507 974 572 dominii
1002 511 1064 571 Aut
1084 507 1151 587 quis
1171 528 1242 570 con·

126 601 253 664 siliarius
275 603 338 667 eius
358 604 429 666 fuit!
455 610 517 669 Aut
535 606 602 686 quis
621 606 701 687 prior
720 606 804 671 dedit
825 607 867 669 illi
888 620 980 687 atque
1000 606 1177 671 retribuetur
1196 605 1244 669 ei!

126 701 283 779 Quoniam
298 724 336 765 ex
355 703 420 784 ipso
437 716 527 784 atque
547 727 600 785 per
619 707 718 785 ipsum
731 719 823 787 atque
837 706 869 769 in
882 706 949 788 ipso
963 720 1032 770 sunt
1046 707 1166 770 omnia!
1187 705 1243 786 ipsi

125 800 224 879 gloria
236 801 267 863 in
282 805 383 864 secula
393 805 562 867 seculorum
577 808 685 869 Amen.

195 904 250 963 Gr.
288 904 470 967 Benedictus
490 924 523 967 es
544 904 666 969 domine
685 906 738 985 qui
759 906 883 969 intueris
902 908 1027 987 abyssos
1048 918 1139 985 atque
1157 907 1245 968 sedes

126 1020 221 1080 super
241 1002 402 1080 cherubyn.

201 1102 230 1162 V.
275 1100 448 1163 Benedicite
467 1104 558 1163 deum
577 1102 634 1164 celi
653 1101 724 1181 quia
741 1102 813 1165 lecit
832 1101 990 1165 nobiscum
1010 1101 1242 1163 misericordiam

126 1219 224 1261 suam.
268 1200 403 1262 Alleluia.

201 1300 231 1359 V.
275 1300 455 1361 Benedictus
487 1321 520 1363 es
552 1301 676 1363 domine
709 1303 783 1363 deus
811 1312 929 1381 patrum
957 1310 1126 1361 nostrorum
1153 1309 1244 1377 atque

123 1397 285 1459 laudabilis
305 1397 336 1458 iu
357 1400 465 1459 secula

193 1498 352 1558 &cundum
358 1500 532 1577 johannem.
571 1502 608 1559 In
630 1500 681 1559 illo
696 1509 841 1576 tempore
878 1498 961 1559 Dixit
975 1499 1075 1559 ihesus
1088 1496 1242 1574 discipulis

127 1595 200 1655 suis.
243 1596 321 1657 Cum
346 1595 460 1656 uenerit
485 1596 643 1674 paraclitus
667 1616 757 1675 quem
782 1618 840 1675 ego
864 1596 979 1657 mittam
1005 1595 1093 1657 uobis
1116 1617 1135 1655 a
1157 1606 1241 1672 patre

126 1692 265 1771 spiritum
281 1692 412 1755 ueritatis
425 1695 477 1772 qui
491 1715 509 1756 a
523 1706 607 1774 patre
621 1695 770 1774 procedit}
793 1696 842 1757 ille
856 1691 1059 1757 testimonium
1074 1692 1242 1772 perhibebit

126 1790 168 1852 de
185 1810 241 1853 me.
286 1792 324 1852 Bt
344 1811 399 1853 uos
418 1794 623 1855 testimouium
642 1792 853 1872 perhibebitis?
868 1794 940 1872 quia
957 1795 996 1855 ab
1014 1790 1106 1854 inicio
1123 1811 1240 1854 mecum

126 1888 210 1951 estis.
255 1892 324 1951 Hec
342 1892 460 1952 locutus
479 1912 544 1953 sum
564 1891 670 1953 uobis!
690 1903 805 1953 utnon
824 1889 1075 1954 scandalizemini.
1118 1890 1242 1968 Absque

125 1986 288 2068 synagogis
311 1988 422 2051 facient
443 2010 507 2052 uos.
550 1991 611 2052 Sed
632 1990 714 2053 uenit
735 1991 827 2052 hora!
854 2000 888 2051 ut
908 1987 1007 2051 omnis
1028 1988 1080 2066 qui
1104 1988 1243 2051 interficit

125 2108 186 2149 uos
213 2086 372 2149 arbitretur
397 2088 576 2167 obsequium
601 2101 717 2167 patrare
741 2089 810 2150 deo.
854 2090 893 2148 Et
917 2088 975 2149 bec
999 2086 1110 2149 facient
1137 2085 1241 2148 uobis}

126 2186 202 2261 quia
213 2205 275 2246 non
286 2198 435 2248 nouerunt
446 2198 560 2265 patrem
576 2207 675 2265 neque
689 2208 746 2249 me.
779 2188 839 2249 Sed
854 2189 911 2249 bec
924 2190 1043 2249 locutus
1056 2207 1123 2247 sum
1136 2186 1242 2247 uobis!

127 2295 160 2343 ut
175 2302 246 2343 cum
261 2285 376 2347 uenerit
389 2286 464 2346 hora
476 2304 580 2346 eorum
595 2284 844 2347 reminiscamini!
865 2284 936 2363 quia
949 2306 1006 2363 ego
1019 2284 1081 2347 dixi
1095 2283 1190 2345 uobis.

196 2382 253 2459 Off
311 2382 490 2443 Benedictus
525 2384 563 2445 sit
597 2384 672 2445 deus
707 2384 1029 2463 pater-unigenitusque
1064 2383 1113 2445 dei
1148 2382 1242 2443 tilius!

127 2485 258 2543 Sanctus
272 2501 394 2559 quoque
411 2478 530 2559 spiritus
548 2480 619 2559 quia
636 2482 706 2551 [ecit
727 2482 883 2543 nobiscum
900 2480 1133 2543 misericordiam
1148 2500 1241 2542 suam.

131 2580 211 2641 Com.
257 2579 467 2641 Benedicimus
488 2580 579 2641 deum
600 2578 657 2640 celi
678 2590 768 2658 atque
789 2599 891 2641 coram
912 2578 1053 2641 omnibus
1071 2578 1243 2641 uiuentibus

126 2676 340 2738 confitebimur
361 2676 388 2738 ei
409 2676 480 2755 quia
500 2675 570 2739 iecit
591 2674 747 2737 nobiscum
769 2674 1003 2737 misericordiam
1017 2696 1111 2737 suam.

193 2777 242 2835 De
267 2784 367 2835 sancta
394 2795 479 2836 cruce.
537 2774 696 2837 Secundum
724 2776 888 2835 Matheum.
946 2777 985 2835 In
1020 2774 1071 2835 illo
1106 2785 1243 2852 tempore

127 2874 298 2935 ascendens
325 2874 425 2936 ihesus
453 2872 670 2935 ierosolimam!
702 2875 863 2953 assumpsit
891 2872 1052 2936 duodecim
1080 2873 1243 2951 discipulos

128 2992 203 3033 suos
222 2984 345 3035 secreto.
387 2984 478 3050 atque
496 2972 537 3033 ait
557 2971 620 3033 illis.
666 2975 746 3034 Ecce
765 2972 955 3034 ascendimus
971 2970 1191 3034 ierosolimamf
1212 2984 1243 3033 et

129 3074 209 3133 lilius
223 3071 352 3133 bominis
368 3073 497 3134 tradetur
516 3071 700 3150 principibus
720 3072 910 3132 sacerdotum
929 3082 1020 3147 atque
1034 3070 1138 3131 scribis
1151 3082 1242 3147 atque

129 3170 399 3249 condempnabunt
423 3190 493 3231 eum
518 3181 622 3231 morte.
667 3171 706 3230 Et
727 3170 845 3231 tradent
868 3188 938 3230 eum
961 3167 1100 3247 gentibus
1119 3170 1159 3230 ad
1180 3170 1302 3237 illu-[2

130 3262 275 3324 dendum.
318 3276 409 3341 atque
431 3264 649 3343 flagellandum.
692 3274 783 3340 atque
805 3262 1048 3342 crucifigendum.
1092 3265 1130 3323 Et
1152 3262 1244 3325 tercia

129 3359 181 3421 die
203 3372 343 3437 resurget.

194 3458 354 3516 Secundum
374 3455 523 3515 Marcum.
566 3456 602 3515 In
625 3454 676 3514 illo
701 3464 855 3533 tempore:
884 3456 1040 3516 Venerunt
1063 3453 1103 3515 ad
1127 3452 1243 3515 ihesum

130 3551 260 3616 Saducei
279 3550 331 3632 qui
350 3551 455 3613 dicunt
473 3550 718 3613 resurrectionem
737 3572 801 3613 non
815 3556 898 3613 esset
918 3562 1009 3629 atque
1023 3549 1244 3629 interrogabant

131 3672 202 3714 eum
230 3650 371 3713 dicentes
416 3650 576 3729 Magister!
612 3654 735 3731 Moyses
763 3651 851 3713 nobis
879 3650 1003 3731 scripsit.
1047 3662 1080 3712 ut
1107 3648 1132 3711 si
1159 3647 1244 3711 cuius

131 3754 219 3813 frater
247 3762 380 3812 mortuus
407 3749 495 3811 fuerit
522 3761 613 3829 atque
641 3749 786 3812 dimiserit
814 3769 937 3813 uxorem
961 3760 1053 3828 atque
1080 3747 1158 3810 tilios
1182 3768 1243 3809 non

131 3846 300 3926 reliquerit!
320 3844 448 3923 accipiat
468 3847 558 3907 irater
577 3844 640 3907 eius
662 3863 784 3905 uxorem
807 3843 900 3923 ipsius
918 3856 948 3906 et
967 3842 1122 3907 resuscitet
1140 3862 1243 3916 semen

132 3946 213 4007 fratri
241 3966 303 4009 suo.
357 3948 478 4024 Septem
503 3966 573 4024 ergo
600 3947 702 4006 iratres
730 3947 833 4005 erant!
866 3954 958 4023 atque
985 3943 1099 4022 primus
1126 3942 1244 4021 acoepit

131 4064 265 4107 uxorem.
306 4052 397 4120 atque
422 4053 556 4103 mortuus
580 4054 625 4103 est
650 4061 711 4103 non
736 4041 840 4103 relicto
864 4040 987 4104 semine.
1031 4043 1070 4103 Et
1094 4041 1243 4102 secundus

132 4142 250 4222 accepit
275 4162 340 4205 eam
366 4154 455 4220 atque
480 4152 615 4202 mortuus
639 4153 693 4214 est,
716 4152 808 4219 atque
832 4161 889 4203 nec
913 4143 969 4203 iste
989 4138 1107 4218 reliquit
1129 4159 1240 4201 semen.

134 4244 173 4303 Bt
188 4240 289 4305 tertius
307 4238 448 4301 similiter.
493 4240 532 4299 Bt
550 4249 729 4317 acceperunt
746 4258 813 4300 eam
833 4236 967 4299 similiter
980 4239 1116 4315 septem?
1136 4248 1167 4299 et
1180 4258 1243 4301 non

133 4340 314 4420 reliquerunt
341 4360 453 4402 semen.
507 4336 679 4400 Nouissima
706 4350 809 4401 autem
836 4337 992 4400 omnium}
1028 4338 1171 4398 defuncta
1197 4348 1244 4399 est

214 4486 241 4529 C.
1144 4480 1160 4519 2
