3192 5067
154 361 186 461 1]
492 362 554 460 Of
570 362 710 458 Hemy
734 361 796 434 the
821 360 930 434 Firsl
1214 378 1258 452 55

154 566 393 630 monasterium
414 564 612 641 construxit,
627 572 661 628 et
682 582 814 627 murum
835 561 922 626 circa
945 560 1086 625 Turrem
1108 559 1261 625 London.

153 668 300 732 Viuente
329 689 410 731 uero
441 666 631 731 Lansranco
660 664 884 748 archipresule
915 663 1093 728 uirtutibus
1128 663 1262 727 deditus

154 771 225 848 suit,
240 772 298 836 sed
315 791 356 836 eo
377 782 509 835 mortuo
530 769 625 852 uicijs
645 767 835 833 deseruiuit.
883 767 1044 833 Omnium
1061 766 1150 831 enim
1166 765 1261 830 heres

154 877 291 958 cupiens
311 894 392 950 esse,
413 874 626 959 episcopatus
647 882 683 936 et
704 871 861 936 abbacias
882 882 940 935 aut
959 870 1128 936 uendebat
1148 880 1206 934 aut
1227 870 1260 933 in
1273 878 1290 929 f.
1307 878 1360 928 rab

155 998 256 1042 manu
272 998 333 1042 sua
347 977 493 1053 tenebat,
509 988 543 1041 et
557 976 601 1039 ad
617 975 748 1039 firmam
769 974 906 1049 dimisit,
921 974 1010 1038 vnde
1027 976 1082 1038 die
1096 996 1163 1057 qua
1178 973 1262 1039 obiit

154 1082 475 1166 archiepiscopatum
507 1081 792 1155 Cantuariensem,
822 1080 983 1144 exulante
1016 1079 1190 1157 Anselmo,
1228 1080 1261 1142 in

155 1189 290 1273 proprio
327 1187 530 1272 possidebat,
568 1197 602 1251 et
639 1187 871 1270 episcopatum
911 1186 1190 1269 Wyntoniensem
1228 1194 1263 1248 et

156 1291 447 1375 Sarisbyriensem,
462 1301 497 1355 et
508 1291 563 1355 ‚xi
576 1289 733 1353 abbacias
749 1288 793 1352 ad
806 1287 937 1352 firmam
953 1288 1058 1353 datas.
1093 1288 1159 1352 Hic
1171 1288 1262 1353 ‚xiiis

156 1396 248 1479 regni
274 1396 325 1459 sui
348 1416 446 1473 anno,
471 1394 552 1459 dum
576 1396 609 1457 in
633 1414 722 1458 noua
748 1391 871 1458 foresta
898 1402 1022 1457 uenatu
1049 1402 1137 1457 esset
1163 1412 1260 1455 occu-

155 1513 264 1583 patus,
300 1522 322 1566 a
358 1500 529 1565 Willelmo
572 1499 673 1582 Tyrel
716 1500 877 1583 sagittam
919 1500 1052 1564 incaute
1095 1498 1260 1582 dirigente

156 1626 338 1689 percussus,
361 1607 466 1671 uitam
489 1604 605 1669 finiuit
651 1605 838 1688 Wyntonie
860 1604 1011 1689 sepultus
1033 1613 1092 1669 est

433 1783 483 1847 32.
506 1766 579 1830 .l)e
599 1765 743 1830 chrico
764 1766 853 1849 Rege
866 1766 988 1848 primo.

223 1905 390 1969 Henricus
411 1904 512 1969 irater
532 1903 603 1967 eius
624 1902 733 1966 iunior
752 1904 912 1967 successit
927 1904 967 1981 ei,
982 1904 1039 1987 qui
1058 1904 1177 1968 diebus
1193 1904 1264 1967 istis
1278 1924 1369 1967 orrun

156 2016 296 2073 uocatur
327 2008 495 2072 Henricus
525 2008 643 2071 senior.
701 2006 769 2070 Hic
799 2006 974 2071 ecclesiam
1006 2007 1145 2071 liberam
1177 1976 1425 2118 secit,s³l¹iigzey.criio

156 2113 414 2178 consuetudines
437 2132 559 2195 prauas
582 2122 617 2176 et
639 2114 835 2177 exactiones
857 2112 1003 2191 abstulit,
1025 2124 1059 2178 et
1082 2115 1263 2178 earundem
1278 2138 1336 2178 uas·

155 2219 364 2283 inuentorem
382 2218 598 2302 Ranulphum
617 2218 880 2283 Dunelmensem
897 2220 1104 2303 episcopum¹
1121 2220 1265 2283 incarce-

156 2323 251 2387 rauit
290 2322 458 2386 Robertus
470 2322 635 2387 Curthuse
647 2321 748 2387 irater
757 2324 828 2387 eius
840 2306 951 2386 senior
963 2322 1046 2386 Dux
1059 2323 1265 2387 Normannie

156 2424 255 2508 redijt
266 2425 309 2489 de
321 2426 439 2489 itinere
451 2425 745 2501 iherosolimitano
757 2436 791 2490 et
809 2428 964 2510 Paganus
977 2426 1113 2491 Peuerel
1130 2426 1266 2509 signifer

155 2530 228 2594 eius
243 2550 320 2594 cum
336 2551 384 2594 en.
424 2531 501 2594 Rex
518 2551 635 2613 pacem
652 2529 782 2594 firmam
795 2552 854 2615 per
870 2552 1009 2615 regnum
1026 2551 1123 2596 suum
1139 2533 1265 2607 statuit,

156 2643 193 2698 vt
215 2635 272 2717 qui
297 2634 385 2697 furto
411 2633 638 2717 deprehensus
661 2633 767 2712 suerit,
789 2634 1020 2717 suspendatur.
1074 2634 1265 2699 Abbaciam

157 2739 201 2803 de
226 2738 293 2822 Ely
315 2739 349 2802 in
377 2739 608 2822 episcopatum
635 2740 810 2815 conuertit,
837 2748 871 2804 et
898 2739 1043 2822 primum
1070 2740 1265 2823 episcopum

160 2842 332 2907 Herueum
353 2845 535 2909 constituit
581 2844 658 2908 Rex
680 2844 783 2908 filiam
805 2865 900 2908 suam
922 2844 1099 2908 Matildem
1118 2845 1266 2908 Henrico

157 2946 348 3031 imperatori
375 2950 469 3013 dedit
495 2948 528 3012 in
556 2969 704 3014 vxorem.
761 2949 940 3014 Discordia
966 2969 1090 3032 magna
1115 2959 1189 3014 orta
1216 2958 1266 3013 est

158 3053 244 3116 inter
253 3051 370 3116 iratres
381 3073 441 3135 pro
454 3072 574 3136 regnos
588 3052 743 3116 videlicet
757 3052 944 3117 Robertum
962 3052 1128 3118 Curthuse
1144 3054 1265 3137 primo·

159 3157 320 3239 genitum,
335 3166 369 3221 et
387 3158 571 3221 Henricum
588 3178 700 3241 regem
717 3157 850 3222 fratrem
869 3179 975 3223 suum.
1022 3159 1121 3223 Multi
1138 3160 1266 3224 insiste-

158 3261 241 3325 bant
256 3261 347 3345 quod
366 3262 533 3326 Henricus
553 3262 785 3345 expelleretur,
801 3273 835 3327 et
858 3264 1025 3328 Robertus
1046 3274 1266 3328 coronaretur.

160 3366 229 3432 Sed
255 3387 324 3448 pax
352 3368 439 3430 inter
464 3366 555 3449 ipsos
582 3364 729 3431 firmata¹
754 3377 815 3443 est,
839 3368 887 3432 ita
913 3370 1003 3449 quod
1030 3389 1090 3432 rex
1118 3369 1213 3432 daret
1238 3369 1266 3432 ei

159 3470 298 3554 singulis
321 3472 417 3535 annis
442 3468 522 3535 [111¹¹
547 3492 684 3535 marcas.
732 3472 810 3535 Rex
837 3470 979 3535 contulit
1006 3472 1142 3555 egregio
1169 3472 1266 3536 militi
1283 3480 1322 3521 He
1336 3476 1433 3521 confer·

1281 3542 1312 3571 on
1324 3528 1385 3570 Pain

161 3572 299 3657 Pagano
315 3574 450 3638 Peuerel
473 3574 646 3638 baroniam
662 3594 765 3656 quam
787 3574 934 3657 Pycotus
950 3572 1135 3638 vicecomes
1150 3576 1266 3650 tenuit,
1282 3579 1432 3681 {mum

160 3689 194 3743 et
224 3678 325 3742 situm
359 3679 402 3742 de
440 3678 643 3742 Bernewelle
674 3678 729 3742 ubi
760 3679 910 3742 canonici
945 3678 1047 3743 modo
1078 3679 1267 3743 fundantur.
1282 3680 1418 3781 *ζξζξξὴιᾱ

162 3783 238 3846 Rex
269 3783 376 3847 eciam
407 3783 469 3847 iste
507 3782 675 3847 Henricus
710 3782 788 3848 lecit
824 3784 906 3866 ipsis
940 3784 1109 3848 canonicis
1145 3784 1268 3849 bonam
1282 3779 1418 3871 ξξζῖἱῑηζξᾱ

160 3896 287 3951 cartam
314 3888 357 3951 de
379 3888 445 3952 situ
468 3890 511 3952 de
536 3888 740 3952 Bernewelle
766 3910 787 3952 a
814 3909 937 3971 magna
964 3890 1076 3972 platea
1103 3908 1207 3971 usque
1235 3890 1267 3952 in
1283 3880 1417 3972 ffiffiff

162 3992 302 4056 riueram
334 3993 377 4056 de
413 3992 637 4075 Cantebrigia‚
668 4003 702 4056 et
732 3993 881 4057 decimas
911 3993 958 4055 eis
988 3991 1082 4055 dedit
1117 3991 1161 4055 de
1196 4001 1269 4055 toto
1283 3982 1379 4074 ξζὲξζ,

160 4094 332 4160 dominico
353 4116 415 4158 suo
442 4096 475 4158 in
504 4094 730 4178 cantebrigia,
753 4106 787 4159 et
813 4094 987 4159 ecclesiam
1011 4096 1118 4158 sancti
1146 4093 1269 4178 Egidij,
1285 4082 1392 4133 (⁶¹¹'¹²l·

160 4211 196 4264 et
231 4202 407 4265 ecclesiam
443 4202 486 4265 de
521 4202 756 4266 Cumbertone.
820 4202 894 4265 Hec
924 4200 1061 4283 quidem
1097 4210 1190 4264 carta
1219 4209 1270 4262 est

340 4310 350 4342 ¹
368 4312 464 4361 Ranull
475 4312 618 4369 marehern,
631 4312 671 4377 Bp
683 4312 712 4361 oi
721 4312 844 4372 Durham,
863 4327 1029 4378 1099—1133.

338 4393 350 4425 ²
365 4395 478 4454 formata,
492 4396 550 4447 MS.
