3192 5067
175 297 230 402 ιν]
405 303 446 376 Α
452 303 580 376 rrival
600 302 648 400 of
665 312 735 377 two
753 303 878 401 popul
897 304 1052 402 Legates
1207 326 1276 397 235

151 557 158 570 .
240 493 372 558 Deinde
395 493 543 578 perrexit
565 493 609 558 ad
637 493 767 577 Regem
790 491 848 576 qui
870 501 950 557 tunc
973 500 1045 556 erat
1070 491 1104 555 in
1129 491 1279 574 partibus
1293 501 1415 603 {immine

175 596 296 662 Wallie
318 619 419 683 supra
441 598 579 664 modum
602 607 792 682 occupatus.
840 597 944 662 Fame
966 606 1001 660 et
1023 596 1078 659 siti
1101 605 1136 660 et
1159 595 1279 680 frigore
1293 614 1346 694 ἕρ
1377 599 1446 689 wig,

175 699 357 778 laborabat,
379 723 483 786 equos
513 712 547 767 et
571 723 675 786 equos
705 701 852 785 perdidit
881 710 916 766 et
947 700 1070 766 multos
1101 699 1222 765 milites
1246 711 1280 765 et
1293 662 1431 794 pffiffi·

175 803 285 883 lortes,
300 817 335 871 et
356 815 485 872 ceteros
507 805 661 872 homines
683 807 754 872 sine
776 826 924 871 numero
969 804 1152 870 Gilbertus¹
1168 827 1280 871 comes

176 909 364 988 Glouernie,
387 912 454 994 qui,
477 921 514 976 ut
536 911 719 989 dicebatur,
742 922 859 976 votum
883 910 1006 975 iecerat
1036 911 1127 995 quod
1152 910 1279 975 nullum

177 1012 379 1079 Wallensem
411 1015 525 1080 uiuum
557 1015 766 1098 relinqueret,
793 1016 986 1079 resistentes
1008 1015 1071 1078 sibi
1095 1015 1219 1080 multos
1248 1025 1283 1080 et

177 1117 276 1182 sortes
300 1119 436 1196 inuenit,
458 1129 492 1184 et
523 1120 679 1205 precipue
707 1120 859 1203 Morgan,
882 1139 984 1183 vnum
1010 1119 1053 1184 de
1077 1120 1282 1203 principibus

176 1222 306 1299 Waliie,
335 1224 392 1306 qui
430 1224 511 1288 satis
548 1223 657 1288 eidem
697 1224 821 1289 Comiti
859 1234 893 1287 et
923 1224 1084 1288 exercitui
1113 1245 1175 1288 suo
1205 1223 1282 1288 iecit

176 1329 325 1411 dampna
354 1340 388 1394 et
416 1330 628 1406 uexaciones,
657 1329 745 1394 vnde
776 1329 900 1394 Comes
930 1328 1030 1412 redijt
1059 1329 1103 1393 de
1133 1328 1282 1412 partibus

177 1429 297 1496 Wallie
335 1453 401 1498 non
440 1433 511 1496 sine
550 1433 677 1498 rubore.
725 1434 846 1498 Postea
876 1433 1044 1516 predictus
1075 1434 1217 1516 Morgan
1248 1444 1282 1496 et

178 1535 326 1600 Maddoc
338 1537 382 1600 ab
394 1537 539 1601 Lewelin
551 1537 717 1620 principes
727 1537 850 1601 Wallie
865 1535 1087 1601 subdiderunt
1098 1557 1133 1600 se
1144 1536 1283 1600 domino

178 1641 345 1706 Edwardo
362 1643 446 1726 Regi
465 1642 588 1726 Anglie
604 1652 638 1706 et
653 1642 798 1706 cessauit
810 1662 929 1725 guerra
941 1642 973 1704 in
990 1640 1141 1726 partibus
1155 1639 1283 1704 Waliie.

244 1747 320 1810 Rex
337 1757 450 1812 autem
468 1746 566 1830 redijt
580 1747 802 1824 Londoniam,
812 1757 846 1811 et
858 1746 947 1811 misit
960 1746 1146 1811 exercitum
1162 1745 1282 1810 sortem
1295 1761 1427 1852 {qn'ffi

178 1852 211 1916 in
228 1853 442 1917 Wasconiam
459 1861 493 1916 et
514 1852 710 1936 peccuniam
732 1853 826 1934 quasi
848 1851 1022 1918 infinitam.
1068 1851 1162 1916 Misit
1176 1852 1282 1916 eciam
1296 1861 1421 1911 flamus·

180 1956 257 2019 Rex
275 1955 360 2040 Regi
377 1955 578 2022 Alemannie
595 1957 769 2040 pecuniam
794 1956 990 2032 maximam,
1004 1977 1079 2020 cum
1103 1977 1171 2038 quo
1193 1956 1284 2038 prius

178 2059 257 2125 iecit
280 2060 376 2124 ledus
398 2061 636 2138 indissolubile,
653 2072 687 2126 et
708 2060 808 2146 paulo
824 2072 901 2145 post
916 2071 1078 2126 venerunt
1098 2059 1284 2142 alienigene

179 2165 282 2248 Regis
306 2166 439 2242 inimici,
455 2177 489 2230 et
507 2166 739 2250 applicuerunt
762 2167 905 2231 latenter
925 2166 1015 2249 apud
1040 2167 1234 2241 Douerram,
1251 2175 1285 2229 et

179 2290 336 2352 magnam
353 2279 481 2354 partem
499 2269 567 2353 igni
579 2269 845 2335 combusserunt.
891 2271 948 2334 Ex
964 2280 1043 2334 tunc
1060 2269 1166 2334 areius
1182 2289 1283 2352 quam

178 2373 268 2455 prius
285 2371 362 2437 iecit
378 2370 455 2436 Rex
477 2372 636 2436 custodiri
654 2373 866 2449 maritimam,
882 2374 962 2456 quia
979 2373 1100 2438 ueritas
1116 2373 1178 2436 luit
1193 2373 1283 2454 quod

180 2475 296 2540 Franci
320 2486 522 2559 parauerunt
537 2476 599 2540 sibi
617 2497 719 2541 naues
735 2478 831 2561 quasi
855 2477 1002 2542 infinitas
1024 2478 1067 2541 ad
1084 2477 1283 2541 vastandum
1298 2492 1350 2533 The
1366 2491 1432 2542 ltine

1298 2543 1320 2584 la
1334 2547 1433 2594 present

177 2591 299 2644 terram
316 2579 450 2664 Anglie.
496 2582 572 2645 Rex
597 2601 676 2666 ergo
698 2602 812 2646 uersus
834 2581 1036 2646 maritimam
1052 2602 1087 2644 se
1103 2581 1236 2658 direxit,
1251 2591 1284 2644 et
1297 2592 1431 2685 iiiii„-

178 2685 326 2749 interluit
342 2685 580 2768 sollempnitati
602 2687 691 2769 apud
710 2687 926 2753 Cantuariam
942 2686 1077 2770 quando
1094 2685 1285 2768 Archiepis·
1298 2691 1449 2794 ffitgsftbe

178 2809 282 2870 copus
299 2788 361 2853 luit
377 2789 422 2853 ibi
439 2790 666 2854 intronizatus.
1297 2794 1448 2894 witha·

1299 2905 1309 2934 1
1351 2923 1357 2934 .

1311 2905 1349 2944 ²⁹5

290 3059 336 3124 50.
383 3044 433 3107 Dc
454 3044 596 3108 aduentu
618 3044 758 3109 duorum
780 3047 959 3128 legatorum
982 3048 1017 3112 in
1040 3047 1175 3130 Anglriz.

245 3189 397 3253 Audiens
418 3190 575 3255 dominus
596 3212 693 3275 papa,
708 3195 799 3274 quod
819 3193 985 3258 discordia
1005 3207 1092 3261 esset
1116 3198 1201 3261 inter
1216 3207 1285 3260 tam
1302 3217 1368 3258 now
1381 3222 1433 3258 two

178 3294 383 3359 excellentes
401 3295 511 3378 Reges
526 3295 725 3362 christianos
742 3297 867 3382 Anglie
882 3310 915 3364 et
933 3301 961 3364 F
962 3303 1080 3377 rancie,
1097 3302 1187 3366 misit
1202 3301 1287 3366 duos
1300 3267 1395 3370 iiiiii·

179 3397 307 3482 legatos
351 3400 394 3464 ad
446 3410 586 3484 vtraque
630 3422 733 3484 regua
778 3401 822 3466 ad
868 3404 1116 3470 reformandum
1161 3427 1287 3490 pacem.
1300 3374 1426 3519 {affin

179 3503 362 3568 Venientes
392 3514 503 3568 autem
543 3505 576 3568 in
615 3505 776 3588 Angliam
808 3506 841 3571 in
872 3507 958 3572 sesto
988 3509 1095 3575 sancti
1124 3509 1358 3592 Johannisne.
1405 3498 1411 3517 '

181 3605 332 3690 Baptiste
354 3627 443 3672 anno
464 3607 590 3672 domini
614 3607 739 3674 .m⁰.cc⁰.
763 3613 981 3694 nonogesimo
1001 3613 1128 3696 quinto,
1143 3616 1289 3697 suscepit

178 3730 237 3773 eos
261 3710 348 3786 Rex,
370 3711 485 3788 clerus,
508 3722 542 3776 et
565 3714 710 3796 populus
733 3735 809 3777 cum
833 3715 958 3797 gaudio
989 3738 1122 3800 magn0,
1145 3728 1179 3783 et
1211 3719 1288 3782 Rex

179 3824 315 3878 ostensa
345 3837 459 3880 eorum
483 3827 651 3900 potestate
679 3819 850 3902 respondit
873 3843 909 3885 se
932 3843 992 3905 per
1013 3823 1126 3888 omnia
1156 3844 1288 3888 summo
1302 3840 1388 3907 f.9ob

180 3918 329 4001 pontifici
368 3919 401 3983 in
439 3921 608 3986 canonicis
638 3924 806 4006 preceptis
835 3925 971 3990 obedire
1001 3937 1163 4010 tanquam
1195 3929 1289 4011 patri,

179 4021 267 4086 etin
291 4023 446 4088 omnibus
470 4026 638 4109 responsis
661 4027 708 4092 ita
731 4026 857 4111 placuit
879 4030 927 4094 eis
950 4032 1041 4115 quod
1062 4034 1164 4099 ambo
1188 4034 1288 4118 legati

180 4125 370 4192 lacrimasse
421 4129 626 4195 dicebantur.
687 4133 954 4218 Verumptamen
1006 4139 1177 4204 asserebat
1228 4161 1290 4205 nec

179 4239 342 4312 treugam,
358 4251 418 4294 nec
438 4232 538 4296 aliam
560 4234 653 4317 pacis
674 4234 815 4300 sormam
832 4239 1023 4318 concedere,
1039 4241 1111 4306 sine
1126 4264 1290 4309 consensu

182 4333 285 4418 Regis
300 4333 522 4416 Alemannie;
546 4347 579 4402 et
600 4338 715 4404 audita
731 4345 947 4425 responsione
965 4345 1069 4430 Regis
1085 4361 1290 4414 recesserunt

603 4498 612 4534 ¹
630 4501 759 4556 Gilbertur
769 4513 804 4568 et,
817 4506 876 4559 MS.
