3192 5067
152 307 222 396 vu]
511 303 548 375 T
543 311 675 375 enanis
701 301 741 374 z'n
767 302 901 374 Bourn
1187 321 1257 395 297

149 508 257 572 supra.
304 490 390 553 Item
412 509 432 552 a
453 489 538 553 sesto
560 488 802 572 Apostolorum
826 488 914 552 Petri
932 497 965 551 et
983 487 1076 551 Pauli
1093 486 1256 570 usquead

151 591 272 657 festum
286 594 401 659 Sancti
415 593 589 658 Michaelis
601 592 740 676 quilibet
753 594 786 656 in
803 592 990 676 septimana
1001 591 1100 656 saciet
1116 601 1260 675 quatuor

151 718 278 780 operas,
314 708 348 762 et
385 698 524 782 quilibet
560 719 674 763 eorum
710 697 835 762 secabit
866 718 984 781 operas
1021 718 1086 780 que
1122 706 1259 762 vocatur

152 801 352 885 Daywynes,
381 812 416 866 et
445 803 646 887 reparabunt
673 802 819 878 bladum,
848 813 883 866 et
912 802 1093 866 cariabunt.
1140 801 1185 865 Et
1215 802 1257 865 ad

151 903 235 968 duas
256 907 419 988 precarias
439 907 579 990 quilibet
594 927 708 971 eorum
725 905 874 970 inueniet
888 907 974 970 duos
989 905 1148 982 homines,
1165 905 1257 969 etad

151 1009 287 1072 terciam
325 1008 506 1092 precariam
536 1029 638 1074 vnum
674 1009 855 1086 hominem,
893 1010 935 1073 ad
973 1008 1084 1073 cibum
1121 1009 1257 1073 domini.

153 1112 198 1174 Et
219 1112 359 1195 quilibet
378 1133 493 1176 eorum
514 1113 651 1177 habebit
671 1124 705 1177 et
727 1114 863 1196 recipiet
884 1112 928 1177 de
948 1113 1113 1177 seruiente
1131 1113 1258 1177 domini

150 1215 193 1279 ad
208 1216 498 1300 quadragesimam
520 1219 583 1281 tria
603 1239 668 1280 oua
689 1239 856 1282 aucarum.
903 1218 949 1281 Et
970 1217 1185 1300 respondebit
1205 1217 1260 1281 die

151 1317 256 1381 sancti
278 1317 365 1379 Petri
388 1318 430 1381 ad
456 1317 601 1382 Uincula
622 1318 777 1382 seruienti
799 1316 927 1380 domini
949 1316 992 1380 de
1012 1315 1143 1380 duabus
1159 1320 1258 1381 aucis.

153 1419 222 1483 Nec
238 1429 378 1504 possunt
394 1421 549 1484 maritare
565 1419 649 1484 filias
665 1442 742 1484 suas
757 1421 830 1484 sine
845 1419 983 1483 licencia
998 1419 1136 1484 domini.

218 1525 381 1588 Henricus
412 1524 454 1588 ad
495 1527 637 1590 Pontem
668 1536 760 1590 tenet
798 1527 947 1610 quinque
976 1548 1070 1590 acras
1101 1538 1195 1602 terre,
1224 1537 1259 1593 et

150 1628 301 1711 operabit
323 1649 382 1712 per
404 1649 549 1694 annum:
576 1631 702 1694 seilicet
728 1631 761 1693 in
779 1630 928 1714 qualibet
950 1632 1138 1713 septimana
1160 1630 1259 1695 saciet

150 1741 215 1794 tres
230 1752 358 1814 operas,
373 1733 435 1796 nisi
457 1732 578 1797 festum
598 1734 795 1818 impedierit,
811 1734 964 1818 exceptis
980 1733 1095 1797 Natali
1111 1734 1259 1811 Domini,

151 1836 287 1915 Pascha,
318 1837 553 1918 Pentecostes;
588 1847 622 1902 et
652 1839 789 1922 recipiet
823 1837 892 1902 duo
929 1857 994 1900 oua
1027 1857 1184 1901 aucarum
1215 1839 1257 1902 ad

149 1942 449 2024 quadragesimam,
475 1952 510 2007 et
539 1943 754 2026 respondebit
783 1942 827 2006 de
855 1961 922 2006 vna
950 1960 1034 2004 auca
1062 1939 1106 2004 ad
1137 1941 1258 2005 festum

149 2049 254 2110 sancti
274 2047 359 2111 Petri
376 2048 418 2111 ad
436 2047 591 2124 Uincula,
606 2058 639 2112 et
656 2047 753 2112 saciet
769 2047 951 2131 precariam
968 2047 1053 2110 sicut
1068 2055 1103 2110 et
1118 2046 1184 2128 aiij,
1199 2044 1257 2109 sed

150 2171 216 2213 non
232 2150 371 2214 cariabit
386 2171 447 2215 nec
463 2150 620 2215 auerabit.

215 2255 321 2318 Elena
340 2255 507 2319 Harscent
518 2264 611 2318 tenet
622 2276 723 2318 vnam
736 2254 885 2330 croltam,
897 2264 931 2317 et
943 2254 1094 2336 operabit
1109 2254 1258 2338 qualibet

149 2361 337 2442 septimana
357 2359 412 2422 die
435 2359 531 2423 Lune
552 2379 650 2422 vnam
674 2379 821 2442 operam,
837 2358 899 2422 nisi
921 2357 1043 2421 festum
1060 2359 1256 2440 impedierit.

150 2463 313 2547 Exceptis
339 2462 461 2527 Natale
486 2463 633 2540 Domini,
655 2462 792 2539 Pascha,
814 2472 849 2526 et
873 2463 1079 2540 Pentecoste,
1101 2471 1136 2527 et
1159 2461 1257 2526 saciet

149 2577 215 2630 tres
244 2567 408 2650 precarias
440 2568 474 2630 in
511 2577 697 2650 autumpno
729 2566 773 2631 de
805 2588 872 2631 vno
902 2567 1038 2631 homine
1069 2566 1113 2632 ad
1144 2567 1254 2632 cibum

147 2669 284 2736 domini.

214 2775 381 2841 Robertus
405 2775 571 2840 Harscent
591 2785 684 2841 tenet
704 2797 804 2840 vnam
826 2776 966 2841 crustam
982 2785 1016 2840 et
1032 2776 1183 2860 operabit
1197 2797 1257 2860 per

147 2901 273 2945 annum
296 2881 444 2964 qualibet
472 2884 662 2966 septimana
684 2903 784 2947 vnam
814 2903 951 2967 operam
975 2882 1017 2948 ad
1048 2883 1254 2947 voluntatem

147 2985 274 3050 domini
313 2987 440 3052 Prioris
486 2988 532 3052 Et
569 3009 629 3072 per
665 3008 767 3052 vnum
807 3008 955 3053 mensem
994 2990 1027 3052 in
1069 2995 1286 3072 autumpnus·
1303 2995 1374 3059 ¹671>

146 3089 296 3175 qualibet
318 3092 506 3175 septimana
528 3092 612 3156 duas
634 3113 762 3176 operas,
785 3094 844 3159 sed
868 3114 934 3158 non
958 3093 1057 3158 saciet
1083 3093 1255 3177 precarias.

214 3269 273 3333 lsti
303 3279 382 3334 sunt
412 3270 567 3337 Coterelli
600 3271 720 3336 Prioris
750 3273 792 3336 de
825 3272 1024 3336 Bemewelle
1050 3271 1187 3336 invilla
1212 3272 1256 3336 de

148 3389 282 3454 Brunne
293 3414 300 3454 :

212 3528 328 3594 Petrus
352 3530 481 3596 Messor
502 3541 595 3596 tenet
618 3530 789 3614 quoddam
813 3532 964 3598 clausum
983 3532 1028 3596 ad
1046 3532 1254 3599 voluntatem

146 3631 273 3696 domini
298 3635 427 3713 Prioris,
449 3646 483 3701 et
506 3635 606 3700 debet
629 3654 835 3719 perannum
859 3635 934 3718 .viij.
958 3635 1120 3701 denarios.

212 3735 336 3802 Cecilia
350 3738 381 3803 le
398 3739 501 3822 Wyte
520 3750 613 3804 tenet
632 3739 805 3823 quoddam
821 3740 971 3804 clausum
987 3740 1030 3804 ad
1047 3741 1253 3807 voluntatem
1288 3809 1294 3818 ,

147 3841 276 3918 Prioris,
291 3852 324 3906 et
340 3843 467 3908 secabit
485 3864 586 3908 vnam
609 3865 720 3908 acram
737 3844 828 3908 bladi
845 3845 877 3908 in
895 3855 1090 3929 autumpno,
1104 3856 1140 3911 et
1154 3847 1256 3912 debet
1280 3836 1290 3855 ”

145 3965 204 4028 per
219 3965 344 4010 annum
360 3947 428 4031 .xij.
444 3948 606 4014 denarios.

210 4049 342 4132 Symon
357 4050 400 4114 de
415 4052 522 4115 Walis
534 4062 626 4117 tenet
636 4052 809 4136 quoddam
822 4054 972 4119 clausum
988 4055 1030 4119 ad
1047 4055 1254 4121 voluntatem

146 4154 275 4231 Prioris,
291 4165 325 4220 et
339 4153 440 4220 debet
455 4178 514 4241 per
528 4177 654 4221 annum
670 4159 746 4222 ‚xvi
762 4158 926 4223 denarios.

211 4259 347 4342 Agneta
377 4261 420 4326 dc
452 4263 668 4328 Hennewelle
698 4273 791 4329 tenet
820 4264 993 4348 quoddam
1023 4266 1172 4331 clausum
1209 4271 1253 4333 ad

143 4365 352 4430 voluntatem
378 4366 497 4432 Prioris
520 4379 554 4432 et
576 4369 676 4434 debet
701 4391 907 4453 perannum
931 4372 1006 4434 .xvi.
1029 4372 1190 4437 denarios.
