<?xml version="1.0" encoding="UTF-8"?>
<!DOCTYPE html PUBLIC "-//W3C//DTD XHTML 1.0 Transitional//EN"
    "http://www.w3.org/TR/xhtml1/DTD/xhtml1-transitional.dtd">
<html xmlns="http://www.w3.org/1999/xhtml" xml:lang="en" lang="en">
 <head>
  <title>
</title>
<meta http-equiv="Content-Type" content="text/html;charset=utf-8" />
  <meta name='ocr-system' content='tesseract 3.04.00' />
  <meta name='ocr-capabilities' content='ocr_page ocr_carea ocr_par ocr_line ocrx_word'/>
</head>
<body>
  <div class='ocr_page' id='page_1' title='image "./libermemorandor01clargoog_0327.png"; bbox 0 0 3192 5067; ppageno 0'>
   <div class='ocr_carea' id='block_1_1' title="bbox 119 324 1225 430">
    <p class='ocr_par' dir='ltr' id='par_1_1' title="bbox 119 324 1225 430">
     <span class='ocr_line' id='line_1_1' title="bbox 119 324 1225 430; baseline 0.005 -31"><span class='ocrx_word' id='word_1_1' title='bbox 119 324 178 430; x_wconf 78' lang='lat' dir='ltr'>vi]</span> <span class='ocrx_word' id='word_1_2' title='bbox 431 329 627 404; x_wconf 84' lang='lat' dir='ltr'>Hundred</span> <span class='ocrx_word' id='word_1_3' title='bbox 647 330 695 427; x_wconf 87' lang='lat' dir='ltr'>os</span> <span class='ocrx_word' id='word_1_4' title='bbox 714 330 881 427; x_wconf 77' lang='lat' dir='ltr'>Staplow</span> <span class='ocrx_word' id='word_1_5' title='bbox 1153 353 1225 424; x_wconf 84' lang='lat'>259</span> 
     </span>
    </p>
   </div>
   <div class='ocr_carea' id='block_1_2' title="bbox 116 513 1239 3211">
    <p class='ocr_par' dir='ltr' id='par_1_2' title="bbox 116 513 1239 1420">
     <span class='ocr_line' id='line_1_2' title="bbox 117 513 1225 600; baseline 0.002 -22"><span class='ocrx_word' id='word_1_6' title='bbox 117 513 220 579; x_wconf 87' lang='lat' dir='ltr'>debet</span> <span class='ocrx_word' id='word_1_7' title='bbox 235 516 263 580; x_wconf 92' lang='lat' dir='ltr'>.i.</span> <span class='ocrx_word' id='word_1_8' title='bbox 278 523 414 591; x_wconf 83' lang='lat' dir='ltr'>sectam,</span> <span class='ocrx_word' id='word_1_9' title='bbox 430 524 464 580; x_wconf 90' lang='lat' dir='ltr'>et</span> <span class='ocrx_word' id='word_1_10' title='bbox 485 518 530 579; x_wconf 90' lang='lat' dir='ltr'>de</span> <span class='ocrx_word' id='word_1_11' title='bbox 545 515 673 579; x_wconf 91' lang='lat' dir='ltr'>auxilio</span> <span class='ocrx_word' id='word_1_12' title='bbox 688 517 894 580; x_wconf 83' lang='lat' dir='ltr'>vicecomitis</span> <span class='ocrx_word' id='word_1_13' title='bbox 909 517 1000 600; x_wconf 72' lang='lat' dir='ltr'>.iiijs.</span> <span class='ocrx_word' id='word_1_14' title='bbox 1016 538 1076 600; x_wconf 91' lang='lat' dir='ltr'>per</span> <span class='ocrx_word' id='word_1_15' title='bbox 1090 537 1225 581; x_wconf 88' lang='lat' dir='ltr'>annum.</span> 
     </span>
     <span class='ocr_line' id='line_1_3' title="bbox 117 618 1225 703; baseline 0.001 -19"><span class='ocrx_word' id='word_1_16' title='bbox 117 618 269 684; x_wconf 86' lang='lat' dir='ltr'>Thomas</span> <span class='ocrx_word' id='word_1_17' title='bbox 281 619 323 684; x_wconf 91' lang='lat' dir='ltr'>de</span> <span class='ocrx_word' id='word_1_18' title='bbox 337 619 541 696; x_wconf 89' lang='lat' dir='ltr'>Lauenham,</span> <span class='ocrx_word' id='word_1_19' title='bbox 552 618 614 703; x_wconf 90' lang='lat' dir='ltr'>[et]</span> <span class='ocrx_word' id='word_1_20' title='bbox 626 619 793 686; x_wconf 86' lang='lat' dir='ltr'>Henricus</span> <span class='ocrx_word' id='word_1_21' title='bbox 805 622 847 685; x_wconf 89' lang='lat' dir='ltr'>de</span> <span class='ocrx_word' id='word_1_22' title='bbox 861 621 956 685; x_wconf 88' lang='lat' dir='ltr'>Bello</span> <span class='ocrx_word' id='word_1_23' title='bbox 966 620 1098 703; x_wconf 89' lang='lat' dir='ltr'>Campo</span> <span class='ocrx_word' id='word_1_24' title='bbox 1109 629 1225 685; x_wconf 87' lang='lat' dir='ltr'>tenent</span> 
     </span>
     <span class='ocr_line' id='line_1_4' title="bbox 119 722 1225 808; baseline 0 -20"><span class='ocrx_word' id='word_1_25' title='bbox 119 722 250 789; x_wconf 84' lang='lat' dir='ltr'>Sexton</span> <span class='ocrx_word' id='word_1_26' title='bbox 274 725 317 788; x_wconf 91' lang='lat' dir='ltr'>de</span> <span class='ocrx_word' id='word_1_27' title='bbox 340 723 473 790; x_wconf 89' lang='lat' dir='ltr'>Comite</span> <span class='ocrx_word' id='word_1_28' title='bbox 496 723 634 790; x_wconf 86' lang='lat' dir='ltr'>Oxonie</span> <span class='ocrx_word' id='word_1_29' title='bbox 657 746 715 808; x_wconf 90' lang='lat' dir='ltr'>per</span> <span class='ocrx_word' id='word_1_30' title='bbox 735 726 911 790; x_wconf 87' lang='lat' dir='ltr'>seruicium</span> <span class='ocrx_word' id='word_1_31' title='bbox 933 726 1085 802; x_wconf 87' lang='lat' dir='ltr'>militare,</span> <span class='ocrx_word' id='word_1_32' title='bbox 1100 724 1225 788; x_wconf 86' lang='lat' dir='ltr'>scilicet</span> 
     </span>
     <span class='ocr_line' id='line_1_5' title="bbox 117 829 1227 915; baseline 0 -22"><span class='ocrx_word' id='word_1_33' title='bbox 117 830 217 896; x_wconf 86' lang='lat' dir='ltr'>feoda</span> <span class='ocrx_word' id='word_1_34' title='bbox 247 829 287 913; x_wconf 86' lang='lat' dir='ltr'>.ij.</span> <span class='ocrx_word' id='word_1_35' title='bbox 319 831 471 895; x_wconf 91' lang='lat' dir='ltr'>militum.</span> <span class='ocrx_word' id='word_1_36' title='bbox 518 831 613 895; x_wconf 88' lang='lat' dir='ltr'>idem</span> <span class='ocrx_word' id='word_1_37' title='bbox 644 830 794 896; x_wconf 83' lang='lat' dir='ltr'>Thomas</span> <span class='ocrx_word' id='word_1_38' title='bbox 824 831 925 896; x_wconf 89' lang='lat' dir='ltr'>debet</span> <span class='ocrx_word' id='word_1_39' title='bbox 954 832 984 915; x_wconf 86' lang='lat' dir='ltr'>.j.</span> <span class='ocrx_word' id='word_1_40' title='bbox 1010 840 1136 895; x_wconf 86' lang='lat' dir='ltr'>sectam</span> <span class='ocrx_word' id='word_1_41' title='bbox 1167 851 1227 914; x_wconf 88' lang='lat' dir='ltr'>per</span> 
     </span>
     <span class='ocr_line' id='line_1_6' title="bbox 117 935 1236 1020; baseline -0.001 -21"><span class='ocrx_word' id='word_1_42' title='bbox 117 956 253 1012; x_wconf 88' lang='lat' dir='ltr'>annum,</span> <span class='ocrx_word' id='word_1_43' title='bbox 268 946 302 1000; x_wconf 89' lang='lat' dir='ltr'>et</span> <span class='ocrx_word' id='word_1_44' title='bbox 320 938 363 1001; x_wconf 91' lang='lat' dir='ltr'>de</span> <span class='ocrx_word' id='word_1_45' title='bbox 384 937 512 1000; x_wconf 86' lang='lat' dir='ltr'>auxilio</span> <span class='ocrx_word' id='word_1_46' title='bbox 532 937 735 1001; x_wconf 86' lang='lat' dir='ltr'>vicecomitis</span> <span class='ocrx_word' id='word_1_47' title='bbox 751 937 818 1020; x_wconf 74' lang='lat' dir='ltr'>.ijs.</span> <span class='ocrx_word' id='word_1_48' title='bbox 834 957 893 1020; x_wconf 88' lang='lat' dir='ltr'>per</span> <span class='ocrx_word' id='word_1_49' title='bbox 913 956 1046 1000; x_wconf 88' lang='lat' dir='ltr'>annum.</span> <span class='ocrx_word' id='word_1_50' title='bbox 1094 935 1236 1000; x_wconf 90' lang='lat' dir='ltr'>Ibidem·</span> 
     </span>
     <span class='ocr_line' id='line_1_7' title="bbox 120 1039 1225 1124; baseline -0.002 -20"><span class='ocrx_word' id='word_1_51' title='bbox 120 1041 286 1105; x_wconf 90' lang='lat' dir='ltr'>Henricus</span> <span class='ocrx_word' id='word_1_52' title='bbox 309 1039 352 1104; x_wconf 90' lang='lat' dir='ltr'>de</span> <span class='ocrx_word' id='word_1_53' title='bbox 376 1041 470 1104; x_wconf 90' lang='lat' dir='ltr'>Bello</span> <span class='ocrx_word' id='word_1_54' title='bbox 493 1040 623 1124; x_wconf 88' lang='lat' dir='ltr'>Campo</span> <span class='ocrx_word' id='word_1_55' title='bbox 645 1042 746 1106; x_wconf 87' lang='lat' dir='ltr'>debet</span> <span class='ocrx_word' id='word_1_56' title='bbox 768 1042 795 1104; x_wconf 94' lang='lat' dir='ltr'>.i.</span> <span class='ocrx_word' id='word_1_57' title='bbox 820 1050 956 1117; x_wconf 87' lang='lat' dir='ltr'>sectam,</span> <span class='ocrx_word' id='word_1_58' title='bbox 976 1049 1010 1104; x_wconf 88' lang='lat' dir='ltr'>et</span> <span class='ocrx_word' id='word_1_59' title='bbox 1031 1040 1076 1104; x_wconf 91' lang='lat' dir='ltr'>de</span> <span class='ocrx_word' id='word_1_60' title='bbox 1097 1039 1225 1104; x_wconf 86' lang='lat' dir='ltr'>auxilio</span> 
     </span>
     <span class='ocr_line' id='line_1_8' title="bbox 117 1145 1239 1230; baseline -0.001 -20"><span class='ocrx_word' id='word_1_61' title='bbox 117 1147 323 1212; x_wconf 89' lang='lat' dir='ltr'>vicecomitis</span> <span class='ocrx_word' id='word_1_62' title='bbox 335 1147 401 1229; x_wconf 73' lang='lat' dir='ltr'>ijs.</span> <span class='ocrx_word' id='word_1_63' title='bbox 412 1165 615 1229; x_wconf 85' lang='lat' dir='ltr'>perannum.</span> <span class='ocrx_word' id='word_1_64' title='bbox 649 1146 779 1210; x_wconf 92' lang='lat' dir='ltr'>Ibidem</span> <span class='ocrx_word' id='word_1_65' title='bbox 789 1155 868 1210; x_wconf 88' lang='lat' dir='ltr'>sunt</span> <span class='ocrx_word' id='word_1_66' title='bbox 883 1146 925 1229; x_wconf 88' lang='lat' dir='ltr'>.ij.</span> <span class='ocrx_word' id='word_1_67' title='bbox 941 1145 1020 1210; x_wconf 91' lang='lat' dir='ltr'>hide</span> <span class='ocrx_word' id='word_1_68' title='bbox 1030 1145 1239 1230; x_wconf 69' lang='lat' dir='ltr'>geldabiles.&#39;,</span> 
     </span>
     <span class='ocr_line' id='line_1_9' title="bbox 119 1251 1223 1336; baseline 0 -21"><span class='ocrx_word' id='word_1_69' title='bbox 119 1252 165 1316; x_wconf 90' lang='lat' dir='ltr'>Et</span> <span class='ocrx_word' id='word_1_70' title='bbox 188 1252 337 1317; x_wconf 89' lang='lat' dir='ltr'>Thomas</span> <span class='ocrx_word' id='word_1_71' title='bbox 360 1251 403 1316; x_wconf 90' lang='lat' dir='ltr'>de</span> <span class='ocrx_word' id='word_1_72' title='bbox 427 1252 622 1317; x_wconf 88' lang='lat' dir='ltr'>Lauenham</span> <span class='ocrx_word' id='word_1_73' title='bbox 646 1261 697 1316; x_wconf 90' lang='lat' dir='ltr'>est</span> <span class='ocrx_word' id='word_1_74' title='bbox 721 1252 875 1336; x_wconf 89' lang='lat' dir='ltr'>capitalis</span> <span class='ocrx_word' id='word_1_75' title='bbox 895 1251 1052 1316; x_wconf 87' lang='lat' dir='ltr'>dominus</span> <span class='ocrx_word' id='word_1_76' title='bbox 1075 1251 1223 1315; x_wconf 85' lang='lat' dir='ltr'>eiusdem</span> 
     </span>
     <span class='ocr_line' id='line_1_10' title="bbox 116 1356 203 1420; baseline 0 0"><span class='ocrx_word' id='word_1_77' title='bbox 116 1356 203 1420; x_wconf 90' lang='lat' dir='ltr'>ville.</span> 
     </span>
    </p>

    <p class='ocr_par' dir='ltr' id='par_1_3' title="bbox 116 1458 1224 1856">
     <span class='ocr_line' id='line_1_11' title="bbox 185 1458 1223 1544; baseline -0.001 -21"><span class='ocrx_word' id='word_1_78' title='bbox 185 1459 362 1541; x_wconf 79' lang='lat' dir='ltr'>Siluerleye</span> <span class='ocrx_word' id='word_1_79' title='bbox 384 1458 585 1544; x_wconf 86' lang='lat' dir='ltr'>[Silverley].</span> <span class='ocrx_word' id='word_1_80' title='bbox 631 1459 801 1525; x_wconf 84' lang='lat' dir='ltr'>Galiridus</span> <span class='ocrx_word' id='word_1_81' title='bbox 826 1459 924 1524; x_wconf 89' lang='lat' dir='ltr'>Arsie</span> <span class='ocrx_word' id='word_1_82' title='bbox 946 1469 1038 1524; x_wconf 84' lang='lat' dir='ltr'>tenet</span> <span class='ocrx_word' id='word_1_83' title='bbox 1060 1459 1160 1524; x_wconf 82' lang='lat' dir='ltr'>seoda</span> <span class='ocrx_word' id='word_1_84' title='bbox 1182 1459 1223 1541; x_wconf 90' lang='lat' dir='ltr'>.ij.</span> 
     </span>
     <span class='ocr_line' id='line_1_12' title="bbox 118 1562 1224 1640; baseline 0.001 -14"><span class='ocrx_word' id='word_1_85' title='bbox 118 1563 261 1628; x_wconf 89' lang='lat' dir='ltr'>militum</span> <span class='ocrx_word' id='word_1_86' title='bbox 277 1566 321 1628; x_wconf 89' lang='lat' dir='ltr'>de</span> <span class='ocrx_word' id='word_1_87' title='bbox 336 1563 468 1628; x_wconf 91' lang='lat' dir='ltr'>Comite</span> <span class='ocrx_word' id='word_1_88' title='bbox 489 1562 632 1640; x_wconf 87' lang='lat' dir='ltr'>Oxonie,</span> <span class='ocrx_word' id='word_1_89' title='bbox 648 1575 682 1629; x_wconf 93' lang='lat' dir='ltr'>et</span> <span class='ocrx_word' id='word_1_90' title='bbox 697 1565 822 1629; x_wconf 91' lang='lat' dir='ltr'>ibidem</span> <span class='ocrx_word' id='word_1_91' title='bbox 838 1575 916 1629; x_wconf 89' lang='lat' dir='ltr'>sunt</span> <span class='ocrx_word' id='word_1_92' title='bbox 931 1566 980 1629; x_wconf 79' lang='lat' dir='ltr'>‚vi.</span> <span class='ocrx_word' id='word_1_93' title='bbox 996 1563 1075 1629; x_wconf 92' lang='lat' dir='ltr'>hide</span> <span class='ocrx_word' id='word_1_94' title='bbox 1089 1573 1176 1628; x_wconf 88' lang='lat' dir='ltr'>terre</span> <span class='ocrx_word' id='word_1_95' title='bbox 1189 1572 1224 1627; x_wconf 89' lang='lat' dir='ltr'>et</span> 
     </span>
     <span class='ocr_line' id='line_1_13' title="bbox 116 1664 1224 1751; baseline -0.001 -20"><span class='ocrx_word' id='word_1_96' title='bbox 116 1664 209 1750; x_wconf 80' lang='lat' dir='ltr'>.iiij¹¹.</span> <span class='ocrx_word' id='word_1_97' title='bbox 233 1687 308 1732; x_wconf 87' lang='lat' dir='ltr'>acre</span> <span class='ocrx_word' id='word_1_98' title='bbox 330 1667 522 1751; x_wconf 86' lang='lat' dir='ltr'>geldabiles.</span> <span class='ocrx_word' id='word_1_99' title='bbox 568 1668 700 1732; x_wconf 89' lang='lat' dir='ltr'>Ibidem</span> <span class='ocrx_word' id='word_1_100' title='bbox 724 1667 895 1733; x_wconf 84' lang='lat' dir='ltr'>Gaifridus</span> <span class='ocrx_word' id='word_1_101' title='bbox 918 1668 1018 1733; x_wconf 88' lang='lat' dir='ltr'>debet</span> <span class='ocrx_word' id='word_1_102' title='bbox 1036 1667 1064 1734; x_wconf 89' lang='lat' dir='ltr'>.i.</span> <span class='ocrx_word' id='word_1_103' title='bbox 1087 1675 1224 1743; x_wconf 85' lang='lat' dir='ltr'>sectam,</span> 
     </span>
     <span class='ocr_line' id='line_1_14' title="bbox 117 1770 944 1856; baseline 0.001 -20"><span class='ocrx_word' id='word_1_104' title='bbox 117 1783 151 1836; x_wconf 87' lang='lat' dir='ltr'>et</span> <span class='ocrx_word' id='word_1_105' title='bbox 173 1773 216 1837; x_wconf 93' lang='lat' dir='ltr'>de</span> <span class='ocrx_word' id='word_1_106' title='bbox 239 1771 368 1837; x_wconf 86' lang='lat' dir='ltr'>auxilio</span> <span class='ocrx_word' id='word_1_107' title='bbox 389 1772 594 1836; x_wconf 89' lang='lat' dir='ltr'>vicecomitis</span> <span class='ocrx_word' id='word_1_108' title='bbox 615 1770 704 1856; x_wconf 90' lang='lat' dir='ltr'>.iiij.s.</span> <span class='ocrx_word' id='word_1_109' title='bbox 729 1793 787 1856; x_wconf 89' lang='lat' dir='ltr'>per</span> <span class='ocrx_word' id='word_1_110' title='bbox 809 1793 944 1838; x_wconf 87' lang='lat' dir='ltr'>annum.</span> 
     </span>
    </p>

    <p class='ocr_par' dir='ltr' id='par_1_4' title="bbox 116 1863 1233 2686">
     <span class='ocr_line' id='line_1_15' title="bbox 185 1863 1223 1961; baseline 0.001 -19"><span class='ocrx_word' id='word_1_111' title='bbox 185 1875 315 1942; x_wconf 78' lang='lat' dir='ltr'>cheusle</span> <span class='ocrx_word' id='word_1_112' title='bbox 343 1875 549 1961; x_wconf 89' lang='lat' dir='ltr'>[Cheveley].</span> <span class='ocrx_word' id='word_1_113' title='bbox 597 1863 711 1942; x_wconf 86' lang='lat' dir='ltr'>Hamo</span> <span class='ocrx_word' id='word_1_114' title='bbox 742 1877 870 1942; x_wconf 89' lang='lat' dir='ltr'>Pecche</span> <span class='ocrx_word' id='word_1_115' title='bbox 904 1887 997 1943; x_wconf 87' lang='lat' dir='ltr'>tenet</span> <span class='ocrx_word' id='word_1_116' title='bbox 1028 1877 1162 1942; x_wconf 83' lang='lat' dir='ltr'>feodum</span> <span class='ocrx_word' id='word_1_117' title='bbox 1193 1879 1223 1960; x_wconf 89' lang='lat' dir='ltr'>.j.</span> 
     </span>
     <span class='ocr_line' id='line_1_16' title="bbox 118 1981 1224 2058; baseline 0.001 -12"><span class='ocrx_word' id='word_1_118' title='bbox 118 1982 232 2046; x_wconf 88' lang='lat' dir='ltr'>militis</span> <span class='ocrx_word' id='word_1_119' title='bbox 261 1981 304 2046; x_wconf 92' lang='lat' dir='ltr'>de</span> <span class='ocrx_word' id='word_1_120' title='bbox 335 1981 466 2047; x_wconf 82' lang='lat' dir='ltr'>Comite</span> <span class='ocrx_word' id='word_1_121' title='bbox 498 1981 643 2046; x_wconf 78' lang='lat' dir='ltr'>RIcardo</span> <span class='ocrx_word' id='word_1_122' title='bbox 668 1982 841 2058; x_wconf 88' lang='lat' dir='ltr'>Marescal,</span> <span class='ocrx_word' id='word_1_123' title='bbox 863 1991 897 2046; x_wconf 89' lang='lat' dir='ltr'>et</span> <span class='ocrx_word' id='word_1_124' title='bbox 926 1991 1005 2046; x_wconf 89' lang='lat' dir='ltr'>svnt</span> <span class='ocrx_word' id='word_1_125' title='bbox 1032 1981 1156 2046; x_wconf 89' lang='lat' dir='ltr'>ibidem</span> <span class='ocrx_word' id='word_1_126' title='bbox 1181 1983 1224 2048; x_wconf 91' lang='lat' dir='ltr'>de</span> 
     </span>
     <span class='ocr_line' id='line_1_17' title="bbox 116 2085 1233 2168; baseline 0.004 -19"><span class='ocrx_word' id='word_1_127' title='bbox 116 2085 235 2150; x_wconf 90' lang='lat' dir='ltr'>eodem</span> <span class='ocrx_word' id='word_1_128' title='bbox 272 2085 371 2150; x_wconf 86' lang='lat' dir='ltr'>feodo</span> <span class='ocrx_word' id='word_1_129' title='bbox 401 2085 452 2168; x_wconf 87' lang='lat' dir='ltr'>.iij.</span> <span class='ocrx_word' id='word_1_130' title='bbox 485 2085 576 2150; x_wconf 89' lang='lat' dir='ltr'>hide¹</span> <span class='ocrx_word' id='word_1_131' title='bbox 608 2106 675 2149; x_wconf 90' lang='lat' dir='ltr'>non</span> <span class='ocrx_word' id='word_1_132' title='bbox 711 2085 905 2168; x_wconf 84' lang='lat' dir='ltr'>geldabiles‚</span> <span class='ocrx_word' id='word_1_133' title='bbox 934 2094 969 2149; x_wconf 94' lang='lat' dir='ltr'>et</span> <span class='ocrx_word' id='word_1_134' title='bbox 999 2106 1066 2149; x_wconf 90' lang='lat' dir='ltr'>non</span> <span class='ocrx_word' id='word_1_135' title='bbox 1099 2085 1233 2155; x_wconf 70' lang='lat' dir='ltr'>debent.</span> 
     </span>
     <span class='ocr_line' id='line_1_18' title="bbox 117 2188 1224 2272; baseline 0.002 -20"><span class='ocrx_word' id='word_1_136' title='bbox 117 2199 241 2254; x_wconf 89' lang='lat' dir='ltr'>sectam</span> <span class='ocrx_word' id='word_1_137' title='bbox 273 2209 382 2272; x_wconf 86' lang='lat' dir='ltr'>neque</span> <span class='ocrx_word' id='word_1_138' title='bbox 418 2188 582 2253; x_wconf 82' lang='lat' dir='ltr'>auxilium</span> <span class='ocrx_word' id='word_1_139' title='bbox 613 2189 826 2253; x_wconf 90' lang='lat' dir='ltr'>vicecomitis.</span> <span class='ocrx_word' id='word_1_140' title='bbox 874 2190 1004 2254; x_wconf 90' lang='lat' dir='ltr'>Ibidem</span> <span class='ocrx_word' id='word_1_141' title='bbox 1035 2189 1224 2254; x_wconf 84' lang='lat' dir='ltr'>Wiilelmus</span> 
     </span>
     <span class='ocr_line' id='line_1_19' title="bbox 116 2290 1222 2375; baseline 0.001 -20"><span class='ocrx_word' id='word_1_142' title='bbox 116 2290 203 2355; x_wconf 87' lang='lat' dir='ltr'>filius</span> <span class='ocrx_word' id='word_1_143' title='bbox 221 2291 311 2356; x_wconf 87' lang='lat' dir='ltr'>Luce</span> <span class='ocrx_word' id='word_1_144' title='bbox 326 2301 418 2356; x_wconf 87' lang='lat' dir='ltr'>tenet</span> <span class='ocrx_word' id='word_1_145' title='bbox 429 2291 479 2373; x_wconf 91' lang='lat' dir='ltr'>.vj.</span> <span class='ocrx_word' id='word_1_146' title='bbox 492 2301 620 2375; x_wconf 87' lang='lat' dir='ltr'>partem</span> <span class='ocrx_word' id='word_1_147' title='bbox 635 2291 722 2356; x_wconf 84' lang='lat' dir='ltr'>feodi</span> <span class='ocrx_word' id='word_1_148' title='bbox 738 2292 767 2374; x_wconf 89' lang='lat' dir='ltr'>.j.</span> <span class='ocrx_word' id='word_1_149' title='bbox 781 2291 895 2356; x_wconf 84' lang='lat' dir='ltr'>militis</span> <span class='ocrx_word' id='word_1_150' title='bbox 910 2292 953 2356; x_wconf 89' lang='lat' dir='ltr'>de</span> <span class='ocrx_word' id='word_1_151' title='bbox 969 2290 1069 2355; x_wconf 81' lang='lat' dir='ltr'>feodo</span> <span class='ocrx_word' id='word_1_152' title='bbox 1085 2291 1222 2356; x_wconf 88' lang='lat' dir='ltr'>Henrici</span> 
     </span>
     <span class='ocr_line' id='line_1_20' title="bbox 116 2393 1222 2462; baseline 0 -2"><span class='ocrx_word' id='word_1_153' title='bbox 116 2396 160 2460; x_wconf 88' lang='lat' dir='ltr'>de</span> <span class='ocrx_word' id='word_1_154' title='bbox 181 2393 378 2460; x_wconf 86' lang='lat' dir='ltr'>Kemesoch&#39;</span> <span class='ocrx_word' id='word_1_155' title='bbox 398 2396 441 2460; x_wconf 90' lang='lat' dir='ltr'>de</span> <span class='ocrx_word' id='word_1_156' title='bbox 461 2395 588 2460; x_wconf 84' lang='lat' dir='ltr'>honore</span> <span class='ocrx_word' id='word_1_157' title='bbox 607 2395 650 2458; x_wconf 93' lang='lat' dir='ltr'>de</span> <span class='ocrx_word' id='word_1_158' title='bbox 672 2394 873 2459; x_wconf 88' lang='lat' dir='ltr'>Richmond.</span> <span class='ocrx_word' id='word_1_159' title='bbox 920 2393 1016 2458; x_wconf 87' lang='lat' dir='ltr'>Idem</span> <span class='ocrx_word' id='word_1_160' title='bbox 1033 2394 1222 2462; x_wconf 89' lang='lat' dir='ltr'>Willelmus</span> 
     </span>
     <span class='ocr_line' id='line_1_21' title="bbox 116 2498 1222 2582; baseline 0 -17"><span class='ocrx_word' id='word_1_161' title='bbox 116 2501 218 2566; x_wconf 87' lang='lat' dir='ltr'>debet</span> <span class='ocrx_word' id='word_1_162' title='bbox 234 2501 261 2564; x_wconf 90' lang='lat' dir='ltr'>.i.</span> <span class='ocrx_word' id='word_1_163' title='bbox 276 2509 413 2578; x_wconf 61' lang='lat' dir='ltr'>oectam,</span> <span class='ocrx_word' id='word_1_164' title='bbox 428 2510 462 2565; x_wconf 90' lang='lat' dir='ltr'>et</span> <span class='ocrx_word' id='word_1_165' title='bbox 477 2501 520 2564; x_wconf 91' lang='lat' dir='ltr'>de</span> <span class='ocrx_word' id='word_1_166' title='bbox 536 2499 664 2563; x_wconf 87' lang='lat' dir='ltr'>auxilio</span> <span class='ocrx_word' id='word_1_167' title='bbox 679 2499 884 2564; x_wconf 87' lang='lat' dir='ltr'>vicecomitis</span> <span class='ocrx_word' id='word_1_168' title='bbox 899 2498 998 2581; x_wconf 80' lang='lat' dir='ltr'>,xij.d.</span> <span class='ocrx_word' id='word_1_169' title='bbox 1015 2519 1073 2582; x_wconf 89' lang='lat' dir='ltr'>per</span> <span class='ocrx_word' id='word_1_170' title='bbox 1087 2519 1222 2566; x_wconf 87' lang='lat' dir='ltr'>annum.</span> 
     </span>
     <span class='ocr_line' id='line_1_22' title="bbox 118 2602 1170 2686; baseline -0.002 -16"><span class='ocrx_word' id='word_1_171' title='bbox 118 2606 163 2670; x_wconf 87' lang='lat' dir='ltr'>Et</span> <span class='ocrx_word' id='word_1_172' title='bbox 177 2614 230 2670; x_wconf 91' lang='lat' dir='ltr'>est</span> <span class='ocrx_word' id='word_1_173' title='bbox 245 2605 368 2669; x_wconf 90' lang='lat' dir='ltr'>ibidem</span> <span class='ocrx_word' id='word_1_174' title='bbox 384 2605 427 2668; x_wconf 89' lang='lat' dir='ltr'>de</span> <span class='ocrx_word' id='word_1_175' title='bbox 441 2605 561 2670; x_wconf 85' lang='lat' dir='ltr'>eodem</span> <span class='ocrx_word' id='word_1_176' title='bbox 577 2603 678 2669; x_wconf 85' lang='lat' dir='ltr'>seodo</span> <span class='ocrx_word' id='word_1_177' title='bbox 693 2603 721 2685; x_wconf 89' lang='lat' dir='ltr'>.j.</span> <span class='ocrx_word' id='word_1_178' title='bbox 737 2603 878 2668; x_wconf 83' lang='lat' dir='ltr'>dimidia</span> <span class='ocrx_word' id='word_1_179' title='bbox 893 2603 972 2667; x_wconf 88' lang='lat' dir='ltr'>hida</span> <span class='ocrx_word' id='word_1_180' title='bbox 986 2602 1170 2686; x_wconf 86' lang='lat' dir='ltr'>geldabilis.</span> 
     </span>
    </p>

    <p class='ocr_par' dir='ltr' id='par_1_5' title="bbox 116 2707 1224 3211">
     <span class='ocr_line' id='line_1_23' title="bbox 181 2707 1221 2793; baseline 0.001 -20"><span class='ocrx_word' id='word_1_181' title='bbox 181 2709 307 2774; x_wconf 82' lang='lat' dir='ltr'>Asselle</span> <span class='ocrx_word' id='word_1_182' title='bbox 332 2709 500 2793; x_wconf 87' lang='lat' dir='ltr'>[Ashley].</span> <span class='ocrx_word' id='word_1_183' title='bbox 546 2709 714 2773; x_wconf 88' lang='lat' dir='ltr'>Robertus</span> <span class='ocrx_word' id='word_1_184' title='bbox 744 2709 787 2773; x_wconf 90' lang='lat' dir='ltr'>de</span> <span class='ocrx_word' id='word_1_185' title='bbox 819 2707 934 2791; x_wconf 87' lang='lat' dir='ltr'>Gynes</span> <span class='ocrx_word' id='word_1_186' title='bbox 963 2717 1056 2772; x_wconf 86' lang='lat' dir='ltr'>tenet</span> <span class='ocrx_word' id='word_1_187' title='bbox 1087 2708 1221 2775; x_wconf 88' lang='lat' dir='ltr'>feodum</span> 
     </span>
     <span class='ocr_line' id='line_1_24' title="bbox 116 2812 1224 2896; baseline 0.001 -19"><span class='ocrx_word' id='word_1_188' title='bbox 116 2814 145 2896; x_wconf 88' lang='lat' dir='ltr'>.j.</span> <span class='ocrx_word' id='word_1_189' title='bbox 171 2813 285 2878; x_wconf 90' lang='lat' dir='ltr'>militis</span> <span class='ocrx_word' id='word_1_190' title='bbox 309 2813 351 2878; x_wconf 91' lang='lat' dir='ltr'>de</span> <span class='ocrx_word' id='word_1_191' title='bbox 378 2813 526 2878; x_wconf 87' lang='lat' dir='ltr'>Henrico</span> <span class='ocrx_word' id='word_1_192' title='bbox 552 2813 594 2878; x_wconf 91' lang='lat' dir='ltr'>de</span> <span class='ocrx_word' id='word_1_193' title='bbox 620 2813 714 2877; x_wconf 85' lang='lat' dir='ltr'>Bello</span> <span class='ocrx_word' id='word_1_194' title='bbox 745 2813 883 2896; x_wconf 89' lang='lat' dir='ltr'>Campo.</span> <span class='ocrx_word' id='word_1_195' title='bbox 931 2812 976 2876; x_wconf 89' lang='lat' dir='ltr'>Et</span> <span class='ocrx_word' id='word_1_196' title='bbox 1007 2813 1157 2878; x_wconf 88' lang='lat' dir='ltr'>Thomas</span> <span class='ocrx_word' id='word_1_197' title='bbox 1180 2815 1224 2878; x_wconf 90' lang='lat' dir='ltr'>de</span> 
     </span>
     <span class='ocr_line' id='line_1_25' title="bbox 117 2916 1223 3003; baseline -0.002 -19"><span class='ocrx_word' id='word_1_198' title='bbox 117 2920 287 3003; x_wconf 88' lang='lat' dir='ltr'>Valeynes</span> <span class='ocrx_word' id='word_1_199' title='bbox 302 2920 345 2984; x_wconf 90' lang='lat' dir='ltr'>de</span> <span class='ocrx_word' id='word_1_200' title='bbox 366 2919 465 2983; x_wconf 84' lang='lat' dir='ltr'>feodo</span> <span class='ocrx_word' id='word_1_201' title='bbox 486 2919 628 2986; x_wconf 91' lang='lat' dir='ltr'>Comitis</span> <span class='ocrx_word' id='word_1_202' title='bbox 644 2918 788 2983; x_wconf 88' lang='lat' dir='ltr'>Oxonie.</span> <span class='ocrx_word' id='word_1_203' title='bbox 836 2916 966 2982; x_wconf 88' lang='lat' dir='ltr'>Ibidem</span> <span class='ocrx_word' id='word_1_204' title='bbox 982 2927 1061 2982; x_wconf 89' lang='lat' dir='ltr'>sunt</span> <span class='ocrx_word' id='word_1_205' title='bbox 1075 2918 1129 3000; x_wconf 88' lang='lat' dir='ltr'>.iij.</span> <span class='ocrx_word' id='word_1_206' title='bbox 1145 2917 1223 2982; x_wconf 90' lang='lat' dir='ltr'>hide</span> 
     </span>
     <span class='ocr_line' id='line_1_26' title="bbox 116 3022 1222 3107; baseline -0.001 -20"><span class='ocrx_word' id='word_1_207' title='bbox 116 3034 150 3088; x_wconf 91' lang='lat' dir='ltr'>et</span> <span class='ocrx_word' id='word_1_208' title='bbox 187 3025 241 3088; x_wconf 83' lang='lat' dir='ltr'>‚xl.</span> <span class='ocrx_word' id='word_1_209' title='bbox 279 3044 354 3088; x_wconf 90' lang='lat' dir='ltr'>acre</span> <span class='ocrx_word' id='word_1_210' title='bbox 384 3033 469 3089; x_wconf 89' lang='lat' dir='ltr'>terre</span> <span class='ocrx_word' id='word_1_211' title='bbox 499 3023 690 3107; x_wconf 85' lang='lat' dir='ltr'>geldabiles.</span> <span class='ocrx_word' id='word_1_212' title='bbox 739 3023 834 3086; x_wconf 88' lang='lat' dir='ltr'>idem</span> <span class='ocrx_word' id='word_1_213' title='bbox 867 3022 1035 3086; x_wconf 91' lang='lat' dir='ltr'>Robertus</span> <span class='ocrx_word' id='word_1_214' title='bbox 1064 3023 1165 3087; x_wconf 88' lang='lat' dir='ltr'>debet</span> <span class='ocrx_word' id='word_1_215' title='bbox 1194 3023 1222 3092; x_wconf 84' lang='lat' dir='ltr'>.i.</span> 
     </span>
     <span class='ocr_line' id='line_1_27' title="bbox 116 3126 1078 3211; baseline -0.002 -18"><span class='ocrx_word' id='word_1_216' title='bbox 116 3139 251 3204; x_wconf 88' lang='lat' dir='ltr'>sectam,</span> <span class='ocrx_word' id='word_1_217' title='bbox 274 3137 307 3192; x_wconf 90' lang='lat' dir='ltr'>et</span> <span class='ocrx_word' id='word_1_218' title='bbox 330 3130 373 3193; x_wconf 89' lang='lat' dir='ltr'>de</span> <span class='ocrx_word' id='word_1_219' title='bbox 394 3129 529 3193; x_wconf 68' lang='lat' dir='ltr'>auxilio,</span> <span class='ocrx_word' id='word_1_220' title='bbox 545 3127 749 3193; x_wconf 88' lang='lat' dir='ltr'>vicecomitis</span> <span class='ocrx_word' id='word_1_221' title='bbox 773 3126 838 3211; x_wconf 71' lang='lat' dir='ltr'>.ijs.</span> <span class='ocrx_word' id='word_1_222' title='bbox 862 3148 921 3211; x_wconf 87' lang='lat' dir='ltr'>per</span> <span class='ocrx_word' id='word_1_223' title='bbox 942 3147 1078 3192; x_wconf 85' lang='lat' dir='ltr'>annum.</span> 
     </span>
    </p>
   </div>
   <div class='ocr_carea' id='block_1_3' title="bbox 345 3331 996 3417">
    <p class='ocr_par' dir='ltr' id='par_1_6' title="bbox 345 3331 996 3417">
     <span class='ocr_line' id='line_1_28' title="bbox 345 3331 996 3417; baseline -0.002 -20"><span class='ocrx_word' id='word_1_224' title='bbox 345 3331 548 3397; x_wconf 80' lang='lat' dir='ltr'>Hundredus</span> <span class='ocrx_word' id='word_1_225' title='bbox 568 3331 609 3396; x_wconf 82' lang='lat' dir='ltr'>de</span> <span class='ocrx_word' id='word_1_226' title='bbox 630 3332 783 3415; x_wconf 72' lang='lat' dir='ltr'>stapelho</span> <span class='ocrx_word' id='word_1_227' title='bbox 806 3331 996 3417; x_wconf 88' lang='lat' dir='ltr'>[Staplow].</span> 
     </span>
    </p>
   </div>
   <div class='ocr_carea' id='block_1_4' title="bbox 181 3459 1223 3548">
    <p class='ocr_par' dir='ltr' id='par_1_7' title="bbox 181 3459 1223 3548">
     <span class='ocr_line' id='line_1_29' title="bbox 181 3459 1223 3548; baseline 0.002 -22"><span class='ocrx_word' id='word_1_228' title='bbox 181 3461 344 3528; x_wconf 60' lang='lat' dir='ltr'>Bur-welle</span> <span class='ocrx_word' id='word_1_229' title='bbox 357 3459 536 3546; x_wconf 85' lang='lat' dir='ltr'>[Burwell].</span> <span class='ocrx_word' id='word_1_230' title='bbox 569 3461 688 3526; x_wconf 87' lang='lat' dir='ltr'>Abbas</span> <span class='ocrx_word' id='word_1_231' title='bbox 699 3464 742 3527; x_wconf 90' lang='lat' dir='ltr'>de</span> <span class='ocrx_word' id='word_1_232' title='bbox 755 3460 947 3545; x_wconf 86' lang='lat' dir='ltr'>Rameseye</span> <span class='ocrx_word' id='word_1_233' title='bbox 959 3471 1052 3528; x_wconf 88' lang='lat' dir='ltr'>tenet</span> <span class='ocrx_word' id='word_1_234' title='bbox 1061 3485 1103 3528; x_wconf 85' lang='lat' dir='ltr'>.x.</span> <span class='ocrx_word' id='word_1_235' title='bbox 1116 3463 1223 3548; x_wconf 87' lang='lat' dir='ltr'>hydas</span> 
     </span>
    </p>
   </div>
   <div class='ocr_carea' id='block_1_5' title="bbox 115 3566 1231 3750">
    <p class='ocr_par' dir='ltr' id='par_1_8' title="bbox 115 3566 1231 3750">
     <span class='ocr_line' id='line_1_30' title="bbox 116 3566 1221 3662; baseline 0.002 -30"><span class='ocrx_word' id='word_1_236' title='bbox 116 3579 202 3632; x_wconf 88' lang='lat' dir='ltr'>terre</span> <span class='ocrx_word' id='word_1_237' title='bbox 224 3588 290 3632; x_wconf 90' lang='lat' dir='ltr'>non</span> <span class='ocrx_word' id='word_1_238' title='bbox 306 3567 498 3662; x_wconf 83' lang='lat' dir='ltr'>¹geldabiles</span> <span class='ocrx_word' id='word_1_239' title='bbox 524 3567 567 3631; x_wconf 91' lang='lat' dir='ltr'>de</span> <span class='ocrx_word' id='word_1_240' title='bbox 589 3566 728 3630; x_wconf 88' lang='lat' dir='ltr'>domino</span> <span class='ocrx_word' id='word_1_241' title='bbox 752 3567 847 3649; x_wconf 81' lang='lat' dir='ltr'>Rege</span> <span class='ocrx_word' id='word_1_242' title='bbox 869 3567 903 3631; x_wconf 91' lang='lat' dir='ltr'>in</span> <span class='ocrx_word' id='word_1_243' title='bbox 926 3569 1044 3651; x_wconf 82' lang='lat' dir='ltr'>capite</span> <span class='ocrx_word' id='word_1_244' title='bbox 1091 3569 1221 3634; x_wconf 86' lang='lat' dir='ltr'>ibidem</span> 
     </span>
     <span class='ocr_line' id='line_1_31' title="bbox 115 3665 1231 3750; baseline 0.002 -18"><span class='ocrx_word' id='word_1_245' title='bbox 115 3677 208 3733; x_wconf 89' lang='lat' dir='ltr'>tenet</span> <span class='ocrx_word' id='word_1_246' title='bbox 231 3666 395 3732; x_wconf 87' lang='lat' dir='ltr'>Radulsus</span> <span class='ocrx_word' id='word_1_247' title='bbox 417 3667 460 3732; x_wconf 91' lang='lat' dir='ltr'>de</span> <span class='ocrx_word' id='word_1_248' title='bbox 485 3665 630 3750; x_wconf 90' lang='lat' dir='ltr'>Cameys</span> <span class='ocrx_word' id='word_1_249' title='bbox 652 3667 693 3750; x_wconf 91' lang='lat' dir='ltr'>.ij.</span> <span class='ocrx_word' id='word_1_250' title='bbox 710 3667 809 3731; x_wconf 89' lang='lat' dir='ltr'>hidas</span> <span class='ocrx_word' id='word_1_251' title='bbox 829 3677 917 3732; x_wconf 84' lang='lat' dir='ltr'>terre</span> <span class='ocrx_word' id='word_1_252' title='bbox 936 3677 970 3732; x_wconf 86' lang='lat' dir='ltr'>et</span> <span class='ocrx_word' id='word_1_253' title='bbox 989 3668 1163 3733; x_wconf 87' lang='lat' dir='ltr'>dimidiam</span> <span class='ocrx_word' id='word_1_254' title='bbox 1179 3669 1231 3734; x_wconf 83' lang='lat' dir='ltr'>de·</span> 
     </span>
    </p>
   </div>
   <div class='ocr_carea' id='block_1_6' title="bbox 116 3770 1224 4582">
    <p class='ocr_par' dir='ltr' id='par_1_9' title="bbox 116 3770 1224 4582">
     <span class='ocr_line' id='line_1_32' title="bbox 117 3770 1221 3856; baseline 0.001 -20"><span class='ocrx_word' id='word_1_255' title='bbox 117 3771 216 3836; x_wconf 84' lang='lat' dir='ltr'>feodo</span> <span class='ocrx_word' id='word_1_256' title='bbox 245 3770 445 3855; x_wconf 88' lang='lat' dir='ltr'>Britann[ie]</span> <span class='ocrx_word' id='word_1_257' title='bbox 475 3780 509 3834; x_wconf 88' lang='lat' dir='ltr'>et</span> <span class='ocrx_word' id='word_1_258' title='bbox 542 3771 669 3836; x_wconf 87' lang='lat' dir='ltr'>honore</span> <span class='ocrx_word' id='word_1_259' title='bbox 700 3771 924 3836; x_wconf 86' lang='lat' dir='ltr'>Richmondie</span> <span class='ocrx_word' id='word_1_260' title='bbox 953 3793 1012 3856; x_wconf 86' lang='lat' dir='ltr'>per</span> <span class='ocrx_word' id='word_1_261' title='bbox 1046 3774 1221 3837; x_wconf 85' lang='lat' dir='ltr'>servicium</span> 
     </span>
     <span class='ocr_line' id='line_1_33' title="bbox 117 3874 1224 3959; baseline 0 -19"><span class='ocrx_word' id='word_1_262' title='bbox 117 3875 204 3941; x_wconf 87' lang='lat' dir='ltr'>feodi</span> <span class='ocrx_word' id='word_1_263' title='bbox 226 3875 256 3957; x_wconf 90' lang='lat' dir='ltr'>.j.</span> <span class='ocrx_word' id='word_1_264' title='bbox 279 3875 401 3940; x_wconf 90' lang='lat' dir='ltr'>militis.</span> <span class='ocrx_word' id='word_1_265' title='bbox 450 3874 543 3940; x_wconf 87' lang='lat' dir='ltr'>Idem</span> <span class='ocrx_word' id='word_1_266' title='bbox 568 3875 670 3940; x_wconf 87' lang='lat' dir='ltr'>debet</span> <span class='ocrx_word' id='word_1_267' title='bbox 693 3895 900 3959; x_wconf 88' lang='lat' dir='ltr'>perannum</span> <span class='ocrx_word' id='word_1_268' title='bbox 923 3876 1001 3958; x_wconf 74' lang='lat' dir='ltr'>.iijs.</span> <span class='ocrx_word' id='word_1_269' title='bbox 1031 3877 1075 3942; x_wconf 88' lang='lat' dir='ltr'>de</span> <span class='ocrx_word' id='word_1_270' title='bbox 1095 3877 1224 3941; x_wconf 87' lang='lat' dir='ltr'>auxilio</span> 
     </span>
     <span class='ocr_line' id='line_1_34' title="bbox 116 3977 1223 4063; baseline 0.001 -20"><span class='ocrx_word' id='word_1_271' title='bbox 116 3980 327 4056; x_wconf 82' lang='lat' dir='ltr'>vicecomitis,</span> <span class='ocrx_word' id='word_1_272' title='bbox 347 3989 381 4043; x_wconf 90' lang='lat' dir='ltr'>et</span> <span class='ocrx_word' id='word_1_273' title='bbox 401 3979 502 4044; x_wconf 89' lang='lat' dir='ltr'>debet</span> <span class='ocrx_word' id='word_1_274' title='bbox 525 3979 554 4061; x_wconf 87' lang='lat' dir='ltr'>.j.</span> <span class='ocrx_word' id='word_1_275' title='bbox 570 3989 696 4044; x_wconf 86' lang='lat' dir='ltr'>sectam</span> <span class='ocrx_word' id='word_1_276' title='bbox 716 3999 819 4063; x_wconf 87' lang='lat' dir='ltr'>qvam</span> <span class='ocrx_word' id='word_1_277' title='bbox 837 3979 944 4044; x_wconf 91' lang='lat' dir='ltr'>Auch&#39;</span> <span class='ocrx_word' id='word_1_278' title='bbox 959 3979 1046 4044; x_wconf 80' lang='lat' dir='ltr'>filios</span> <span class='ocrx_word' id='word_1_279' title='bbox 1062 3977 1223 4055; x_wconf 74' lang='lat' dir='ltr'>E&#39;udonis,</span> 
     </span>
     <span class='ocr_line' id='line_1_35' title="bbox 117 4083 1223 4169; baseline 0.001 -19"><span class='ocrx_word' id='word_1_280' title='bbox 117 4095 149 4150; x_wconf 89' lang='lat' dir='ltr'>et</span> <span class='ocrx_word' id='word_1_281' title='bbox 172 4083 341 4149; x_wconf 88' lang='lat' dir='ltr'>Giibertus</span> <span class='ocrx_word' id='word_1_282' title='bbox 365 4083 451 4148; x_wconf 86' lang='lat' dir='ltr'>filius</span> <span class='ocrx_word' id='word_1_283' title='bbox 475 4083 615 4151; x_wconf 81' lang='lat' dir='ltr'>Galsridi</span> <span class='ocrx_word' id='word_1_284' title='bbox 640 4085 767 4149; x_wconf 86' lang='lat' dir='ltr'>faciunt</span> <span class='ocrx_word' id='word_1_285' title='bbox 794 4105 856 4169; x_wconf 92' lang='lat' dir='ltr'>pro</span> <span class='ocrx_word' id='word_1_286' title='bbox 877 4105 926 4150; x_wconf 89' lang='lat' dir='ltr'>eo.</span> <span class='ocrx_word' id='word_1_287' title='bbox 973 4084 1103 4150; x_wconf 88' lang='lat' dir='ltr'>Ibidem</span> <span class='ocrx_word' id='word_1_288' title='bbox 1130 4095 1223 4152; x_wconf 88' lang='lat' dir='ltr'>tenet</span> 
     </span>
     <span class='ocr_line' id='line_1_36' title="bbox 119 4187 1224 4272; baseline 0.002 -20"><span class='ocrx_word' id='word_1_289' title='bbox 119 4189 283 4253; x_wconf 89' lang='lat' dir='ltr'>Henricus</span> <span class='ocrx_word' id='word_1_290' title='bbox 306 4188 393 4252; x_wconf 87' lang='lat' dir='ltr'>filius</span> <span class='ocrx_word' id='word_1_291' title='bbox 418 4189 556 4252; x_wconf 91' lang='lat' dir='ltr'>Roberti</span> <span class='ocrx_word' id='word_1_292' title='bbox 580 4187 608 4269; x_wconf 87' lang='lat' dir='ltr'>.j.</span> <span class='ocrx_word' id='word_1_293' title='bbox 632 4187 746 4252; x_wconf 89' lang='lat' dir='ltr'>hidam</span> <span class='ocrx_word' id='word_1_294' title='bbox 771 4198 859 4253; x_wconf 87' lang='lat' dir='ltr'>terre</span> <span class='ocrx_word' id='word_1_295' title='bbox 880 4198 914 4254; x_wconf 87' lang='lat' dir='ltr'>et</span> <span class='ocrx_word' id='word_1_296' title='bbox 939 4189 968 4271; x_wconf 88' lang='lat' dir='ltr'>.j.</span> <span class='ocrx_word' id='word_1_297' title='bbox 992 4190 1155 4272; x_wconf 85' lang='lat' dir='ltr'>virgatam</span> <span class='ocrx_word' id='word_1_298' title='bbox 1179 4191 1224 4254; x_wconf 88' lang='lat' dir='ltr'>de</span> 
     </span>
     <span class='ocr_line' id='line_1_37' title="bbox 117 4293 1223 4377; baseline 0.003 -19"><span class='ocrx_word' id='word_1_299' title='bbox 117 4294 292 4359; x_wconf 90' lang='lat' dir='ltr'>heredibus</span> <span class='ocrx_word' id='word_1_300' title='bbox 322 4293 453 4358; x_wconf 91' lang='lat' dir='ltr'>Thome</span> <span class='ocrx_word' id='word_1_301' title='bbox 486 4297 528 4358; x_wconf 91' lang='lat' dir='ltr'>de</span> <span class='ocrx_word' id='word_1_302' title='bbox 560 4295 671 4377; x_wconf 84' lang='lat' dir='ltr'>Burgo</span> <span class='ocrx_word' id='word_1_303' title='bbox 701 4293 744 4358; x_wconf 90' lang='lat' dir='ltr'>de</span> <span class='ocrx_word' id='word_1_304' title='bbox 774 4294 900 4359; x_wconf 90' lang='lat' dir='ltr'>honore</span> <span class='ocrx_word' id='word_1_305' title='bbox 932 4294 1154 4360; x_wconf 90' lang='lat' dir='ltr'>Richmondie</span> <span class='ocrx_word' id='word_1_306' title='bbox 1188 4306 1223 4361; x_wconf 91' lang='lat' dir='ltr'>et</span> 
     </span>
     <span class='ocr_line' id='line_1_38' title="bbox 495 4413 850 4466; baseline 0.006 -2"><span class='ocrx_word' id='word_1_307' title='bbox 495 4413 503 4444; x_wconf 92' lang='lat'><strong>¹</strong></span> <span class='ocrx_word' id='word_1_308' title='bbox 521 4413 577 4464; x_wconf 87' lang='lat' dir='ltr'>The</span> <span class='ocrx_word' id='word_1_309' title='bbox 591 4413 647 4464; x_wconf 89' lang='lat' dir='ltr'>MS.</span> <span class='ocrx_word' id='word_1_310' title='bbox 663 4415 734 4464; x_wconf 82' lang='lat' dir='ltr'>reads</span> <span class='ocrx_word' id='word_1_311' title='bbox 746 4415 805 4465; x_wconf 84' lang='lat' dir='ltr'>hide</span> <span class='ocrx_word' id='word_1_312' title='bbox 816 4421 850 4466; x_wconf 84' lang='lat' dir='ltr'>et.</span> 
     </span>
     <span class='ocr_line' id='line_1_39' title="bbox 1045 4525 1140 4582; baseline 0.011 -17"><span class='ocrx_word' id='word_1_313' title='bbox 1045 4525 1140 4582; x_wconf 81' lang='lat'><em>17-2</em></span> 
     </span>
    </p>
   </div>
   <div class='ocr_carea' id='block_1_7' title="bbox 0 0 1600 5067">
    <p class='ocr_par' dir='ltr' id='par_1_10' title="bbox 0 0 1600 5067">
     <span class='ocr_line' id='line_1_40' title="bbox 0 0 1600 5067; baseline 0 0"><span class='ocrx_word' id='word_1_314' title='bbox 0 0 1600 5067; x_wconf 95' lang='lat' dir='ltr'> </span> 
     </span>
    </p>
   </div>
  </div>
 </body>
</html>
