3192 5067
147 330 210 435 111]
399 334 522 408 leand
540 343 577 408 to
613 334 781 406 Wllz'am
807 330 1003 405 Barbedor
1185 352 1251 425 157

148 521 277 589 Rogerus
294 536 351 573 non
369 528 412 573 est
428 519 511 573 heres
527 518 711 589 propinquior
722 518 841 589 predicti
853 517 997 584 Willelmi,
1010 516 1077 587 quia
1089 516 1157 571 dicit
1174 517 1252 588 quod

146 608 222 663 idem
234 609 363 677 Rogerus
375 608 462 660 habet
475 607 618 678 quendam
627 606 742 662 fratrem
754 617 821 662 ante
833 606 947 661 natum¹
959 603 1007 677 [de
1021 606 1121 660 eodem
1134 615 1213 676 patre
1225 615 1254 661 et

147 696 247 750 eadem
271 706 361 750 matre
382 695 556 749 Willelmum
578 695 692 750 nomine
714 694 762 766 qui
784 695 877 748 adhue
899 702 1042 763 superstes
1067 703 1109 747 est
1132 690 1185 764 [et]
1205 693 1253 765 qui

146 782 330 853 propinquior
347 799 409 836 esse
428 781 512 836 debet
530 791 590 835 tam
609 781 717 851 injure
735 798 822 851 quam
843 780 872 834 in
892 780 1072 851 possessione
1090 780 1254 835 hereditatis

146 870 235 941 ipsius
255 869 387 924 Willelmi
407 869 615 939 consequende‚
635 869 710 924 vnde
727 870 799 939 petit
817 868 962 934 iudicium,
981 878 1033 922 etc.

201 958 239 1011 Et
260 959 387 1025 Rogerus
406 958 479 1011 bene
495 956 642 1025 cognoscit
658 956 734 1026 quod
754 956 896 1026 predictus
913 954 1071 1010 Willelmus
1087 953 1172 1009 frater
1188 972 1255 1009 suus

147 1054 297 1099 antenatus
316 1045 408 1099 adhuc
425 1053 568 1114 superstes
586 1055 630 1099 est
647 1054 689 1099 set
702 1044 770 1099 dicit
785 1044 862 1115 quod
878 1043 954 1098 idem
966 1043 1124 1097 Willelmus
1141 1042 1211 1097 nihil
1226 1043 1255 1098 in

147 1132 316 1188 tenementis
329 1132 390 1187 istis
402 1132 446 1185 vel
460 1131 600 1202 aliquibus
612 1132 676 1186 aliis
688 1149 739 1202 per
751 1132 920 1186 descensum
931 1131 967 1185 de
977 1131 1103 1202 predicto
1114 1130 1255 1185 Willelmo

147 1230 227 1291 patre
245 1229 297 1274 etc.
317 1220 376 1274 iure
394 1219 564 1274 hereditario
582 1220 733 1275 vendicare
752 1230 854 1290 potest.
893 1219 972 1274 Dicit
989 1218 1066 1274 enim
1085 1219 1162 1290 quod
1180 1218 1256 1274 idem

148 1309 306 1363 Willelmus
318 1308 399 1374 filius,
413 1318 464 1361 etc
476 1307 605 1365 habitum
619 1307 761 1377 religionis
774 1308 803 1361 in
817 1307 915 1363 ordine
929 1306 1042 1363 Cister'ri
1055 1307 1130 1378 apud
1140 1308 1256 1361 domum

148 1397 184 1451 de
193 1396 274 1450 Valle
285 1396 341 1451 Dei
356 1397 384 1450 in
396 1398 475 1451 Com.
488 1394 577 1450 Linc.²
586 1396 709 1465 suscepit
721 1404 750 1450 et
763 1395 791 1449 in
805 1396 906 1451 eodem
919 1396 1017 1450 ordine
1027 1395 1104 1451 stetit
1114 1405 1141 1449 et
1151 1396 1256 1450 ibidem

148 1482 290 1556 professus
302 1483 354 1537 fuit
367 1483 441 1537 vnde
454 1482 522 1536 dicit
535 1484 611 1553 quod
626 1500 678 1554 per
690 1482 886 1538 dimissionem
903 1493 931 1539 et
948 1483 1151 1553 professionem
1168 1483 1256 1554 ipsius

149 1570 282 1626 Willelmi
306 1582 349 1625 est
374 1571 434 1640 ipse
461 1573 588 1639 Rogerus
613 1571 650 1625 ad
676 1588 793 1642 presens
820 1572 1002 1643 propinquior
1030 1573 1111 1626 heres
1139 1572 1256 1644 predicti

148 1660 282 1714 Willelmi
296 1659 383 1729 patris
396 1669 447 1713 etc.
463 1660 490 1713 in
504 1660 637 1729 predictis
654 1660 823 1714 tenementis
840 1678 874 1716 ex
891 1669 970 1731 parte
987 1660 1105 1731 predicti
1123 1660 1256 1714 Willelmi

148 1750 236 1818 patris
248 1758 301 1804 etc.
315 1749 452 1819 petendis.

202 1837 240 1890 Et
267 1835 345 1890 Prior
369 1836 441 1889 bene
466 1836 611 1905 cognoscit
636 1835 711 1906 quod
741 1836 885 1905 predictus
914 1836 1073 1891 Willelmus
1102 1836 1175 1889 lilius
1204 1845 1256 1890 etc.

148 1925 291 1995 professus
307 1924 359 1978 fuit
376 1926 404 1977 in
422 1925 549 1994 predicto
565 1925 664 1979 ordine
681 1934 725 1980 set
742 1925 903 1997 dicitquod
921 1925 1059 1998 professio
1076 1925 1124 1979 illa
1140 1924 1257 1980 omnino

149 2011 256 2068 irritata
274 2012 324 2067 fuit
343 2021 371 2065 ct
389 2010 582 2083 adnichilata]

561 2174 610 2239 79.
659 2156 844 2231 Juratores.

202 2288 344 2356 Juratores
353 2284 450 2339 dicunt
460 2303 545 2355 super
553 2296 762 2341 sacramentum
771 2304 853 2341 suum
863 2288 939 2358 quod
947 2288 1091 2358 predictus
1100 2288 1257 2343 Willelmus
1270 2295 1420 2357 'rnevefdter

150 2374 186 2427 de
201 2372 280 2428 cuius
299 2384 388 2427 morte
407 2381 459 2427 etc.
477 2373 577 2427 habuit
595 2372 668 2427 duos
687 2373 768 2440 filios,
787 2374 894 2428 scilicet
917 2374 1060 2444 quendam
1083 2376 1256 2430 Willelmum
1269 2346 1411 2438 iffflfidiiff

150 2468 216 2511 ante
233 2467 332 2511 natum
354 2468 382 2511 et
402 2458 560 2526 predictum
582 2460 725 2527 hogerum
744 2468 810 2527 post
828 2468 933 2512 natum.
973 2458 1027 2529 Qui
1050 2460 1165 2529 quidem
1185 2461 1256 2515 filius
1269 2446 1420 2548 {ffiffimhe

151 2554 215 2599 ante
235 2555 319 2598 natus
339 2543 452 2598 uiuente
477 2543 603 2614 predicto
623 2545 767 2599 Willelmo
792 2556 872 2615 patre
892 2556 954 2608 etc..
978 2548 1103 2617 suscepit
1128 2548 1257 2602 habitum
1270 2546 1401 2639 fflffifl

150 2632 272 2701 religiosi
298 2631 326 2685 in
352 2630 451 2685 ordine
473 2630 590 2685 fratrum
612 2632 649 2686 de
670 2633 770 2687 Monte
793 2634 915 2688 Carmeli
937 2634 1015 2704 apud
1037 2636 1256 2705 eantebrigiam‚
1385 2626 1391 2638 ’

151 2730 178 2774 et
190 2721 219 2773 in
233 2718 335 2774 eodem
347 2718 446 2773 ordine
459 2718 602 2788 professus
612 2718 671 2774 fuit.
704 2720 812 2775 Dicunt
821 2720 912 2775 eciam
923 2722 1000 2791 quod
1009 2722 1085 2777 idem
1098 2724 1257 2777 Willelmus

150 2809 249 2863 uolens
268 2825 298 2862 se
317 2808 354 2862 ad
373 2807 509 2862 arciorem
527 2807 616 2861 vitam
636 2809 788 2863 transferre
807 2808 930 2878 suscepit
956 2810 1084 2865 habitum
1107 2808 1257 2881 religliosi]

151 2898 257 2951 ordinis
276 2896 480 2965 Cysterciensis
500 2895 528 2949 in
545 2896 630 2951 domo
646 2896 682 2951 de
696 2898 778 2951 Valle
798 2898 861 2964 Dei,
876 2908 903 2952 et
918 2898 948 2951 in
963 2899 1064 2954 eodem
1082 2901 1180 2954 ordine
1195 2917 1257 2970 pro·

151 2984 242 3039 fessus
254 2984 312 3037 fuit.
351 2985 389 3038 Et
409 2982 506 3037 dicunt
518 2984 596 3055 quod
610 2996 710 3055 postea
725 3002 859 3055 processu
877 2986 1010 3055 temporis
1023 2987 1146 3056 quedam
1158 2988 1258 3043 mulier

151 3089 280 3127 asserens
309 3072 403 3143 ipsum
433 3071 608 3125 Willelmum
635 3084 702 3126 ante
732 3073 946 3143 suscepcionem
975 3075 1088 3130 habitus
1115 3076 1258 3147 utriusque

152 3159 258 3215 ordinis
270 3159 483 3213 matrimonium
493 3176 558 3213 cum
566 3159 629 3227 ipsa
636 3160 816 3227 contraxisse,
827 3162 916 3215 mouit
926 3162 1071 3232 superhoc
1080 3164 1256 3234 questionem

151 3265 250 3303 uersus
262 3246 419 3317 predictum
433 3243 631 3316 W[illelmum]
643 3264 740 3301 coram
752 3247 808 3302 loci
825 3246 982 3317 ordinariis,
992 3259 1020 3304 et
1033 3249 1133 3319 ipsum,
1144 3252 1257 3307 racione

151 3342 363 3403 precontractus
375 3329 558 3398 matrimonii,
571 3330 780 3387 disracionauit.
814 3333 852 3387 Et
864 3333 961 3388 dicunt
974 3334 1050 3403 quod
1064 3334 1139 3388 idem
1151 3336 1258 3389 Willel-

152 3436 216 3473 mus
228 3412 321 3472 adhuc
334 3426 477 3488 superstes
494 3427 545 3472 est.
586 3419 716 3473 Preterea
733 3420 831 3473 dicunt
847 3419 922 3489 quod
938 3419 1082 3489 predictus
1100 3422 1259 3477 Willelmus

153 3508 189 3562 de
210 3507 290 3561 cuius
313 3516 404 3561 morte
428 3517 479 3561 etc.
506 3523 564 3561 non
589 3506 661 3576 obijt
685 3508 806 3575 seysitus
828 3508 863 3562 de
887 3508 1019 3578 predictis
1041 3511 1208 3564 tenementis
1229 3510 1257 3565 in

153 3596 297 3651 dominico
309 3612 361 3648 suo
373 3604 402 3647 vt
419 3594 455 3649 de
471 3594 564 3649 feodo.
602 3595 640 3648 Et
653 3596 729 3665 quod
748 3596 824 3651 idem
837 3598 996 3651 Willelmus
1013 3596 1101 3651 nichil
1113 3598 1211 3653 habuit
1230 3598 1258 3653 in
1269 3593 1289 3644 f·
1304 3595 1359 3658 5⁸¹³

152 3684 261 3739 eisdem
273 3683 329 3738 nisi
341 3679 402 3754 [ad]
414 3681 565 3737 terminum
578 3681 635 3735 uite
651 3692 771 3751 tantum,
784 3701 819 3737 ex
831 3683 995 3739 dimissione
1013 3684 1131 3756 predicti
1147 3686 1257 3740 Prioris.

153 3773 191 3826 Et
216 3772 281 3825 ideo
300 3771 510 3824 consideratum
531 3778 575 3824 est
594 3769 672 3838 quod
692 3771 837 3841 predictus
859 3772 938 3826 Prior
961 3783 1007 3827 eat
1032 3773 1097 3828 inde
1119 3772 1180 3829 sine
1204 3774 1258 3842 die,

153 3869 181 3914 et
193 3858 270 3930 quod
282 3856 425 3927 predictus
442 3857 570 3925 Rogerus
586 3856 673 3910 nichil
692 3856 786 3927 capiat
804 3874 853 3928 per
868 3875 997 3928 assysam
1014 3858 1098 3915 istam
1116 3871 1158 3916 set
1176 3860 1211 3916 sit
1228 3862 1258 3915 in

152 3944 347 4001 misericordia
359 3960 410 4014 pro
423 3942 494 3998 falso
506 3945 630 3998 clamore
642 3944 713 3999 etc.³

202 4067 211 4099 ¹
229 4068 284 4117 The
297 4067 353 4116 MS.
366 4066 428 4115 ends
441 4082 469 4115 as
481 4066 589 4116 follows:
607 4065 763 4117 Willelmum
778 4068 881 4117 nomine
895 4068 974 4118 filium
986 4077 1011 4119 et
1021 4070 1139 4120 heredem
1151 4071 1257 4135 predicti

153 4150 283 4210 willelmi,
296 4150 327 4199 de
338 4148 408 4198 cuius
419 4157 499 4199 morte
510 4156 558 4199 etc.
593 4148 626 4198 Et
637 4149 670 4199 de
680 4149 729 4199 hoc
740 4150 812 4215 ponit
825 4165 851 4199 se
862 4165 936 4215 super
946 4166 1055 4215 assysam
1065 4159 1113 4201 etc.

202 4230 213 4263 ¹
229 4232 342 4295 Vaudey,
356 4232 383 4281 in
394 4231 437 4280 the
447 4230 532 4295 parish
544 4229 573 4280 of
581 4231 722 4293 Edenharn,
737 4232 763 4283 S.
778 4232 960 4283 Lincolnshire.

202 4311 254 4363 Ἀ
272 4314 371 4363 cuneus
390 4329 454 4370 case,
474 4313 604 4378 involving
623 4313 667 4364 the
688 4324 756 4379 story
775 4314 804 4364 of
823 4330 837 4363 a
861 4330 959 4365 woman
981 4316 1039 4365 who
1062 4318 1194 4367 recovered
1213 4318 1259 4368 her

153 4396 267 4447 husband
284 4407 327 4445 out
344 4394 373 4445 of
386 4412 402 4445 a
419 4396 535 4461 religious
551 4396 633 4446 order.
