3192 5067
133 319 196 419 111]
422 322 589 395 Murder
612 322 654 393 in
679 321 832 395 Bourrze
870 320 983 393 Wood
1184 340 1249 412 145

427 611 477 690 65.
523 610 575 673 Dc
595 620 697 674 morte
718 620 937 674 mrcatorum.

199 783 238 845 ln
254 782 356 846 bosco
373 783 493 846 Prioris
510 781 599 865 apud
617 783 751 846 Brunne
767 783 829 846 suit
845 784 982 865 quidam
1003 781 1238 864 carpentarius,
1252 777 1394 869 ssssgffl„

132 888 267 952 nomine
299 887 414 951 Petrus
444 889 487 952 de
518 887 638 970 Burgo,
669 888 776 951 bonus
807 887 908 951 homo
938 897 973 951 et
1003 886 1116 950 fidelis.
1172 886 1393 969 Hicffiffi'·

131 993 311 1073 prostrauit
334 992 477 1057 eundem
505 992 643 1055 boscum
669 1002 704 1056 et
730 993 892 1067 uendidit,
914 1003 948 1057 et
972 992 1151 1074 assumpsit
1176 991 1238 1054 sibi
1251 977 1395 1070 fflwgfflff'

130 1094 216 1159 duos
231 1097 455 1179 carpentarios
471 1096 514 1159 ad
530 1095 714 1160 dolandum
731 1096 830 1180 ligna,
848 1108 881 1161 et
898 1097 975 1161 fecit
990 1098 1052 1161 sibi
1069 1097 1237 1178 tugurium
1252 1078 1369 1170 ffiffii

131 1200 164 1263 in
182 1200 292 1278 bosco,
308 1202 341 1264 in
357 1221 425 1283 quo
440 1202 586 1265 comedit
601 1211 635 1265 et
651 1201 743 1277 bibit,
759 1212 793 1265 et
814 1202 1023 1284 pernoctauit
1042 1220 1118 1264 curn
1140 1197 1239 1281 socijs
1251 1179 1400 1272 iiifb‘issn'

130 1306 206 1368 suis.
254 1306 330 1368 Hoc
351 1316 463 1369 autem
484 1304 561 1369 fecit
582 1326 624 1368 ne
645 1325 705 1387 per
724 1316 858 1369 noctem
880 1306 931 1369 uel
948 1306 1036 1369 diem
1053 1304 1237 1386 dampnum
1250 1280 1395 1372 {1523le

130 1407 224 1473 fieret
255 1409 364 1473 Priori.
426 1409 472 1473 Et
501 1429 577 1473 ecce
607 1409 688 1472 feria
717 1419 837 1492 quarta
869 1420 947 1474 ante
983 1409 1073 1473 diem
1112 1409 1238 1472 Pasche

131 1524 293 1577 uenerunt
323 1512 390 1577 duo
421 1522 629 1589 mercatores,
655 1514 777 1578 diuites
807 1526 841 1578 et
872 1515 984 1597 magni
1016 1514 1168 1589 nominis,
1195 1512 1237 1575 de

130 1618 279 1700 partibus
304 1617 503 1693 Stamsorde,
525 1628 559 1681 et
583 1618 638 1700 alij
667 1628 733 1682 tres
760 1620 911 1683 extranei
940 1620 972 1682 in
996 1619 1155 1682 comitiua
1177 1638 1237 1682 sua

129 1722 288 1787 facientes
315 1724 490 1787 transitum
516 1744 575 1806 per
597 1724 711 1787 villam
738 1726 780 1789 de
805 1724 969 1801 Caxtone,
990 1736 1024 1789 et
1051 1725 1175 1788 ibidem
1200 1734 1237 1787 ut

130 1830 302 1893 dicebatur
332 1830 486 1894 biberunt
516 1830 622 1893 simul.
670 1830 810 1908 Deinde,
837 1831 934 1895 simul
966 1831 1148 1895 militantes
1178 1851 1237 1912 per

130 1933 220 1996 uiam
250 1954 315 2016 que
342 1933 529 2017 appellatur
560 1934 826 2017 Ermingstrete¹,
851 1945 1012 1999 venerunt
1042 1935 1104 1999 sub
1134 1934 1236 1998 bosco

132 2036 252 2101 Prioris
272 2038 442 2101 antedicto
463 2046 539 2121 post
560 2038 639 2101 solis
659 2058 814 2102 occasum
835 2060 875 2102 ea
897 2040 978 2103 hora
999 2059 1066 2121 qua
1084 2037 1236 2101 homines

130 2152 356 2205 conuenerunt
386 2143 428 2205 ad
460 2141 633 2204 ecclesiam
662 2143 704 2204 ad
732 2142 936 2206 audiendum
964 2142 1145 2205 matutinas
1171 2162 1236 2224 que

130 2246 342 2327 appellantur
369 2246 400 2308 T
396 2245 513 2322 enebre,
535 2256 569 2309 et
592 2246 636 2309 ibi
665 2246 814 2311 lecerunt
838 2249 989 2311 extranei
1015 2246 1175 2310 insultum
1202 2247 1235 2309 in

131 2360 338 2425 mercatores,
364 2359 398 2414 et
424 2371 482 2413 eos
512 2350 778 2421 uulnerauerunt,
806 2360 839 2415 et
869 2352 911 2414 de
941 2351 1034 2434 equis
1064 2352 1133 2414 suis
1163 2371 1236 2433 pro·

129 2464 318 2520 strauerunt
355 2466 389 2520 et
426 2456 667 2520 interfecerunt
725 2456 861 2521 Clamor
898 2478 977 2520 uero
1015 2465 1235 2520 mercatorum

129 2560 262 2623 auditus
283 2572 333 2624 est
352 2580 457 2643 usque
473 2562 515 2624 ad
532 2560 706 2623 ecclesiam
722 2560 764 2624 de
781 2561 903 2637 Stowe,
919 2562 976 2625 sed
994 2561 1055 2643 ipsi
1072 2560 1236 2643 predones

129 2664 274 2746 acceptis
290 2665 444 2728 omnibus
460 2666 578 2729 eadem
595 2675 692 2729 nocte
708 2676 871 2730 uenerunt
886 2667 929 2730 ad
945 2665 1059 2730 villam
1075 2666 1118 2729 de
1131 2666 1236 2731 Cruce

130 2768 266 2850 Royse².
327 2769 492 2851 Requisiti
522 2779 634 2833 autem
666 2790 768 2851 quare
799 2770 846 2833 ita
875 2778 969 2833 erant
1000 2767 1172 2845 uulnerati,
1203 2778 1236 2831 et

128 2893 230 2955 quare
249 2894 362 2936 eorum
379 2874 579 2937 vestimenta
600 2883 694 2936 erant
714 2874 979 2956 sanguinolenta,
996 2870 1236 2955 responderunt

128 2977 219 3060 quod
241 2978 386 3041 latrones
407 2978 583 3041 uoluerunt
604 3000 661 3041 eos
682 2977 886 3042 interfecisse
907 2999 966 3061 per
986 2978 1074 3041 uiam
1095 2986 1129 3039 et
1144 2976 1234 3059 quod

128 3101 242 3144 eorum
268 3102 385 3145 manus
408 3082 467 3145 uix
490 3093 668 3146 euaserunt
690 3103 766 3145 cum
789 3082 866 3146 vita.
915 3080 1004 3164 Quid
1030 3080 1148 3165 plura?
1194 3080 1234 3144 In

128 3187 273 3250 crastino
288 3186 424 3269 quidem
440 3187 566 3251 inuenti
582 3197 677 3250 erant
699 3196 899 3251 mercatores
920 3186 1051 3261 mortui,
1065 3195 1099 3249 et
1120 3185 1233 3248 statim

129 3291 275 3354 euolauit
296 3289 387 3353 sama
408 3311 467 3373 per
487 3291 659 3355 circuitum
680 3292 771 3375 quod
792 3291 901 3354 dictus
923 3292 1038 3354 Petrus
1059 3292 1102 3354 de
1123 3289 1235 3373 Burgo
1250 3302 1316 3343 now
1327 3302 1399 3344 Peter

129 3404 163 3457 et
189 3393 269 3475 socij
297 3395 367 3458 eius
395 3394 484 3475 ipsos
511 3395 753 3459 interfecerunt
801 3394 972 3459 Predictus
1000 3393 1115 3457 Petrus
1146 3414 1233 3468 uero,
1247 3352 1380 3466 lipldffi

128 3497 251 3561 auditis
274 3498 470 3574 rumoribus,
493 3508 564 3562 erat
588 3500 687 3563 ualde
710 3498 910 3582 perterritus,
933 3506 967 3560 et
994 3497 1089 3560 multi
1113 3496 1168 3559 alii
1191 3494 1233 3558 de
1247 3454 1388 3559 itl'dlddlhe

128 3601 254 3666 familia
275 3600 394 3665 Prioris
415 3604 457 3666 de
479 3603 632 3680 Brunne;
663 3605 721 3668 sed
744 3604 836 3667 Prior
857 3612 954 3666 caute
974 3603 1043 3686 egit
1062 3622 1122 3685 per
1142 3622 1177 3665 se
1200 3610 1234 3665 et

128 3727 189 3789 pro
215 3708 283 3769 suis
313 3706 402 3789 apud
433 3716 674 3785 coronatorem,
700 3708 757 3790 qui
784 3708 896 3771 uenire
924 3706 1002 3770 iecit
1031 3706 1154 3770 bonam
1185 3705 1234 3768 in-

127 3810 354 3893 quisicionem,
377 3820 410 3874 et
433 3812 607 3893 inquisicio
629 3811 763 3876 dicebat
785 3812 875 3895 quod
899 3812 1008 3875 dictus
1030 3812 1145 3875 Petrus
1167 3831 1233 3874 non

127 3925 199 3979 erat
219 3912 393 3997 culpabilis
414 3915 457 3980 de
478 3926 585 3980 morte
606 3926 836 3993 mercatorum,
857 3916 1015 3999 quoniam
1038 3914 1155 3979 eodem
1179 3916 1234 3979 die

126 4021 302 4085 eteadem
327 4020 409 4084 hora
433 4041 500 4103 qua
523 4031 619 4085 erant
643 4020 806 4085 interlecti
834 4018 895 4083 fuit
918 4019 1026 4082 dictus
1051 4019 1167 4083 Petrus
1190 4020 1233 4083 ad

127 4123 300 4187 ecclesiam
317 4123 359 4186 de
377 4124 510 4188 Brunne
525 4123 569 4188 ad
585 4124 789 4188 audiendum
812 4124 994 4187 matutinas
1014 4121 1232 4187 tenebrarum.

129 4229 175 4291 Et
189 4228 236 4291 sic
252 4238 323 4292 erat
338 4227 488 4292 saluatus
503 4249 524 4291 a
539 4238 648 4293 morte
664 4228 833 4293 ueraciter.

235 4384 244 4416 ¹
262 4386 444 4451 Amingstrete‚
457 4386 514 4436 MS.
713 4385 724 4418 ¹
741 4388 855 4452 Royston
863 4405 871 4448 ;
887 4403 929 4438 see
940 4387 1020 4437 above
1032 4386 1072 4437 ch.
1086 4402 1126 4449 40.

208 4510 235 4553 C.
1119 4514 1155 4553 10
