3192 5067
335 287 402 376 184
546 284 760 383 Difflrence
786 285 880 358 wz‘tn
906 286 967 358 tlte
997 285 1215 359 Chonoollor
1313 283 1436 384 [soors

326 468 422 539 aliqua
432 467 581 523 taxacione
592 468 660 523 inde
671 466 747 522 lacta
762 476 791 522 et
805 468 913 537 absque
925 467 1019 537 aliqua
1032 467 1112 523 firma
1125 467 1191 523 inde
1203 467 1356 523 reddenda.
1395 468 1433 521 Et

327 557 369 612 sic
393 555 560 611 deforciauit
583 556 609 609 ei
633 555 791 625 predictum
813 556 991 625 mesuagium
1015 556 1222 626 appropriando
1242 555 1297 609 sibi
1317 554 1436 609 liberum

164 724 299 826 „tun
327 644 1435 803 Postliminioillailllffizssnsslznii

292 804 299 815 ⁰
328 820 394 875 lecit
412 822 449 876 de
466 819 595 891 predicto
612 819 759 888 mesuagio
777 820 928 887 quominus
950 818 1025 873 idem
1048 817 1128 872 Prior
1147 816 1175 871 in
1195 818 1272 872 dicto
1291 814 1435 885 mesuagio

328 911 429 965 domos
441 920 618 981 prosternere
630 918 659 963 et
675 907 746 961 alias
762 908 894 963 edificare
907 924 958 977 pro
976 923 1028 960 sua
1043 908 1188 962 uoluntate
1206 905 1317 975 poterit,
1330 916 1358 959 et
1369 903 1435 959 iecit

328 1014 393 1052 curn
406 998 459 1052 sibi
472 996 632 1067 placuisset,
645 1011 698 1049 nec
710 994 817 1065 aliquid
827 996 931 1049 clamat
943 995 972 1049 in
985 994 1086 1049 eodem
1099 994 1244 1065 mesuagio
1257 994 1311 1049 nisi
1324 1002 1435 1048 tautum

328 1086 488 1157 hospicium
506 1100 589 1139 suum
606 1084 763 1139 secundum
781 1084 959 1139 taxacionem
981 1094 1008 1138 et
1028 1082 1262 1139 consuetudinem
1286 1083 1434 1154 predictas

329 1176 367 1229 Et
385 1174 463 1244 quod
480 1174 505 1227 ei
524 1172 626 1243 optulit
644 1174 755 1227 limiam
773 1174 840 1228 inde
858 1172 984 1227 debitam
1004 1174 1160 1228 secuudum
1179 1174 1356 1228 taxaciouem
1374 1188 1434 1242 pre·

328 1261 435 1317 dictam
451 1277 537 1331 quam
561 1260 637 1315 idem
658 1261 737 1315 Prior
754 1260 790 1315 de
809 1277 895 1315 manu
915 1278 966 1315 sua
985 1261 1108 1331 recipere
1126 1262 1276 1328 recusauit,
1299 1262 1339 1315 ita
1359 1260 1435 1330 quod

252 1356 271 1406 i.
282 1356 315 1425 69
328 1352 435 1405 nullam
452 1349 584 1405 iniuriam
602 1350 663 1405 siue
681 1350 861 1404 disseisinam
879 1350 905 1405 ei
925 1350 991 1405 inde
1009 1349 1083 1405 fecit.
1122 1350 1160 1405 Et
1178 1350 1214 1405 de
1232 1351 1288 1404 hoc
1307 1350 1385 1421 pouit
1404 1366 1435 1404 se

328 1456 413 1511 super
430 1440 557 1495 assisam

164 1562 309 1656 {23⁰⁰
395 1564 479 1629 Ideo
507 1564 638 1647 capitur
666 1563 771 1628 assisa
798 1562 857 1627 sed
885 1564 1020 1647 ponitur
1049 1564 1082 1627 in
1114 1572 1301 1647 respectum
1332 1584 1435 1645 vsque

163 1664 297 1716 mm·
328 1666 418 1732 diem
442 1669 536 1750 Jouis
561 1668 594 1731 in
621 1668 811 1751 septimana
838 1668 1053 1732 Pentecostes
1077 1689 1138 1751 pro
1164 1668 1295 1731 deiectu
1323 1687 1435 1749 recog-

330 1770 502 1855 n[itorum]
534 1772 613 1855 quia
643 1772 755 1836 nullus
784 1774 884 1836 venit
946 1773 1028 1836 ldeo
1057 1772 1242 1836 vicecomes
1272 1782 1334 1836 etc„
1391 1770 1436 1834 Et

328 1878 500 1941 sciendum
516 1876 608 1959 quod
624 1876 725 1941 breue
740 1877 902 1960 originale
918 1888 1067 1941 remanet
1084 1897 1185 1959 penes
1197 1876 1435 1952 vicecomitem,

329 1988 448 2062 patens
477 2000 581 2063 penes
610 1990 740 2063 partem
771 1991 832 2044 etc,
895 1979 1015 2044 Postea
1044 1980 1235 2045 concordati
1266 1989 1345 2044 sunt
1377 1999 1436 2063 per

329 2085 524 2168 magistrum
547 2083 759 2167 Gwydonem
781 2084 826 2149 de
850 2086 1019 2151 Couentre
1039 2084 1165 2149 domini
1186 2086 1334 2169 episcopi
1354 2085 1434 2167 Ely-

291 2203 295 2210 ·
328 2186 416 2250 ensis
436 2172 613 2250 officialem
636 2188 692 2270 qui
715 2208 752 2251 se
772 2188 951 2252 intromisit
970 2188 1013 2252 de
1028 2209 1120 2271 pace,
1134 2198 1168 2253 et
1183 2188 1284 2252 datus
1298 2198 1348 2253 est
1363 2188 1435 2252 dies

327 2300 437 2355 certus
452 2291 495 2355 ad
511 2292 721 2356 liberandum
739 2292 842 2356 Priori
858 2313 975 2356 omnes
991 2294 1102 2357 claues
1117 2305 1151 2358 et
1164 2344 1171 2359 .
1184 2293 1220 2356 xl
1230 2344 1237 2356 .
1248 2293 1372 2357 solidos
1392 2293 1435 2358 de

327 2396 501 2479 arreragijs
517 2397 694 2480 pensionis.
745 2397 790 2461 Et
806 2398 853 2460 sic
870 2408 1100 2461 remanserunt
1115 2398 1236 2463 domus
1257 2398 1299 2462 ad
1317 2399 1434 2463 uolun-

328 2508 433 2565 tatem
450 2500 571 2565 Prioris
586 2502 712 2585 absque
727 2501 920 2585 calumpnia
936 2502 1129 2566 clericorum
1147 2504 1190 2567 de
1204 2512 1323 2567 cetero.
1338 2550 1340 2555 ,

493 2733 560 2795 118.
605 2729 658 2793 De
677 2730 871 2794 contencione
891 2750 962 2794 cnm
985 2730 1197 2795 uniuersitate
1211 2742 1274 2814 pro

659 2836 881 2899 innodicccone
905 2835 1105 2901 Camellarit'.

166 2980 233 3022 How
241 2978 283 3020 the
393 2962 619 3029 Cancellarius
638 2964 861 3028 uniuersitatis
881 2962 1165 3046 Cantebrigiensis
1185 2964 1292 3029 uoluit
1311 2965 1435 3031 habere

165 3029 312 3071 chancellor

164 3079 313 3181 3¹35th
325 3065 592 3149 jurisdiccionem
617 3066 650 3128 in
673 3066 782 3148 priore
804 3065 847 3129 de
875 3065 1077 3130 Bemewelle
1100 3076 1133 3131 et
1156 3068 1324 3133 canonicis
1346 3070 1434 3147 suis;

163 3179 293 3273 mir.
327 3180 361 3235 et
372 3171 466 3234 citari
479 3170 556 3233 secit
567 3170 791 3253 peremptorie
801 3190 903 3233 vnum
917 3171 1113 3235 canonicum
1124 3173 1214 3253 quod
1227 3182 1435 3255 compareret

161 3279 278 3382 pm
327 3274 410 3337 hora
436 3274 543 3357 prima
572 3274 615 3338 ad
648 3274 918 3356 respondendum
951 3274 1083 3338 cuidam
1111 3276 1229 3339 scolari
1258 3286 1319 3341 etc.
1366 3276 1432 3342 Sed

163 3381 292 3474 {¹333
327 3379 506 3443 canonicus
523 3378 693 3461 respondit
708 3399 744 3440 se
761 3398 827 3442 non
844 3398 916 3442 esse
931 3380 974 3442 de
991 3379 1222 3462 jurisdictione
1237 3382 1433 3465 cancellarij‚

328 3503 442 3546 nesse
463 3482 549 3547 uelle
568 3482 759 3547 huiusmodi
781 3484 941 3546 mandato
960 3483 1032 3546 eius
1052 3503 1175 3565 parere.
1222 3482 1435 3568 Quapropter

328 3587 499 3672 primodie
508 3598 681 3671 tamquam
691 3597 923 3652 contumacem
934 3588 1108 3669 suspendit
1117 3587 1226 3672 ipsum
1236 3591 1433 3653 canonicum

328 3693 371 3756 ab
394 3692 541 3775 ingressu
568 3692 705 3756 ecclesie
728 3703 762 3755 et
785 3693 817 3754 iu
841 3692 985 3755 crastino
1008 3712 1066 3775 per
1088 3692 1333 3757 commissarios
1356 3714 1434 3759 suos

327 3797 642 3861 excommunicauit
689 3798 847 3861 Decreuit
863 3798 969 3861 eciam
991 3796 1137 3860 Priorem
1156 3818 1228 3861 esse
1243 3799 1432 3862 uocandum

328 3901 418 3985 quod
442 3911 649 3984 compareret
671 3911 742 3977 etc„
764 3904 833 3977 sed,
856 3903 935 3984 quia
959 3902 1053 3964 Prior
1075 3901 1117 3964 ad
1142 3903 1211 3965 eius
1235 3904 1431 3968 citacionem

328 4027 395 4070 non
411 4006 512 4083 uenit,
528 4006 635 4089 ipsum
655 4006 800 4068 Priorem
816 4006 1132 4070 excommunieauit.
1178 4006 1278 4089 Quod
1295 4009 1433 4073 audiens

330 4111 422 4174 Prior
437 4109 565 4192 Symon
583 4111 721 4172 miratus
736 4118 787 4173 est
805 4118 935 4173 tantam
952 4130 1009 4173 eos
1030 4131 1220 4192 presumere
1236 4111 1433 4192 fatuitatem,

327 4226 361 4279 et
382 4236 441 4298 per
458 4214 613 4278 clericum
634 4235 730 4277 suum
753 4214 950 4297 magistrum
974 4212 1017 4275 H.
1034 4214 1076 4275 de
1094 4213 1219 4277 Melree
1240 4214 1272 4276 iu
1294 4216 1432 4281 ecclesia

327 4318 426 4383 beate
442 4318 549 4381 Marie
564 4318 787 4400 Cantebrigie‚
803 4326 837 4379 et
852 4336 963 4380 coram
986 4314 1118 4380 officiali
1141 4317 1377 4383 Archidiaconi
1399 4321 1431 4385 in
