3192 5067
137 347 201 449 111]
401 350 530 427 Deatlr
555 355 605 452 of
620 354 734 454 King
757 354 896 451 Heary
920 354 998 428 III
1176 378 1239 449 131

406 620 458 687 47.
505 604 626 672 Contra
652 606 834 672 Gilbertum
856 606 980 671 Pacata.

205 784 292 848 Item
315 786 358 848 de
380 786 519 850 domino
543 785 696 851 Gilberto
720 787 848 850 Pecche
875 808 936 871 pro
965 787 1124 870 homagio
1153 786 1244 869 quod
1258 788 1361 882 3222}

138 886 236 950 nobis
252 886 368 952 debuit
384 910 445 972 pro
461 900 547 954 terra
563 892 606 954 de
622 890 757 955 Brunne
770 941 777 955 .
788 912 812 953 x
825 940 832 954 .
844 890 969 953 solidos
982 892 1083 954 annui
1096 890 1245 954 redditus
1256 893 1274 943 s·
1289 893 1345 954 48b

135 1011 196 1073 per
210 1001 337 1055 cartam
353 1014 449 1057 suam
470 1015 571 1077 quam
596 994 673 1059 inde
694 994 866 1071 habemus,
882 1016 948 1058 una
969 1015 1045 1057 cum
1058 1046 1064 1057 .
1076 1017 1099 1057 x
1113 993 1245 1057 .solidis

135 1095 255 1159 annuis
281 1117 365 1179 quos
392 1097 489 1162 nobis
516 1098 610 1162 dedit
637 1120 698 1181 pro
724 1100 838 1163 anima
865 1100 1001 1163 domine
1030 1099 1172 1163 Matilde
1202 1098 1245 1162 de
1274 1176 1281 1193 ·

137 1198 322 1282 Hastinges
337 1201 443 1284 prime
459 1202 574 1265 uxoris
595 1223 654 1267 sue
670 1202 762 1267 cuius
778 1204 891 1267 anime
907 1204 1110 1289 propicietur
1125 1203 1244 1267 altissi-

136 1322 220 1365 mus.
265 1301 388 1367 Amen.

279 1504 331 1581 48.
379 1500 500 1568 Contra
522 1503 730 1587 Magistrum
752 1501 930 1567 Radertum
952 1504 1099 1587 Aunger.

203 1662 288 1727 Item
325 1663 368 1728 de
404 1666 565 1747 magistro
600 1665 750 1730 Roberto
786 1663 927 1747 Aunger
956 1665 999 1729 de
1029 1664 1244 1749 Cantebrigia
1257 1679 1359 1771 §32⁶ss

134 1767 404 1848 recuperauimus
433 1788 536 1832 vuum
567 1768 777 1851 mesuagium
806 1769 838 1831 in
870 1767 988 1831 eadem
1019 1768 1108 1831 vnde
1141 1788 1242 1832 vnam
1315 1740 1332 1781 ¹
1361 1758 1367 1769 ’

135 1890 282 1934 marcam
305 1872 406 1936 annui
430 1872 581 1937 redditus
604 1872 790 1956 recipimus.

242 2108 294 2171 49.
338 2093 506 2157 Placitum
527 2104 639 2158 cantra
662 2090 885 2176 Reginaldum
910 2092 1132 2173 Schamwad.

203 2244 293 2308 Inter
317 2246 464 2311 Priorem
489 2247 676 2330 Symonem
700 2256 734 2311 et
761 2245 988 2329 Reginaldum
1017 2244 1242 2329 Scherewynd
1258 2257 1380 2349 geepeipenfd

136 2345 197 2410 suit
213 2347 374 2429 placitum
391 2371 552 2435 magnum
569 2354 602 2415 in
618 2353 737 2416 eodem
755 2350 872 2414 itinere
887 2360 921 2413 et
943 2348 1036 2413 sortis
1055 2350 1243 2434 disputacio
1258 2358 1342 2410 wynu.

135 2471 181 2513 ex
203 2460 344 2536 vtraque
366 2465 471 2537 parte,
486 2455 574 2519 vnde
595 2456 755 2538 magister
778 2454 893 2536 Roger
912 2453 955 2517 de
972 2453 1121 2537 Seytone
1138 2454 1243 2518 uoluit

136 2554 270 2620 dedisse
299 2560 458 2624 iudicium
489 2571 605 2625 contra
636 2562 763 2624 dictum
795 2558 1021 2643 Reginaldum
1053 2580 1113 2643 pro
1148 2568 1243 2642 parte

137 2659 280 2739 Prioris;
311 2664 369 2727 sed
393 2664 449 2746 alij
470 2665 642 2749 justiciarij
665 2664 949 2727 contradixerunt.
1007 2664 1053 2727 Et
1074 2664 1152 2746 quia
1176 2684 1243 2727 non

135 2774 316 2847 potuerunt
334 2768 507 2852 justiciarij
532 2772 733 2833 concordare
755 2770 788 2831 in
810 2769 875 2831 isto
891 2768 1017 2850 judicio
1037 2767 1243 2851 prefixerunt

136 2869 287 2951 partibus
308 2871 398 2935 diem
419 2875 462 2937 ad
486 2874 690 2938 audiendum
714 2872 873 2938 iudicium
897 2894 994 2937 suum
1018 2893 1129 2936 coram
1148 2872 1243 2956 justi·

134 2973 242 3037 ciariis
269 2976 303 3038 in
332 2976 445 3041 Banco
459 2998 468 3056 ;
498 2989 532 3043 et
557 2980 719 3043 miserunt
745 2976 912 3060 loquelam
940 2978 1002 3040 sub
1029 2976 1146 3059 sigillis
1177 2978 1243 3039 suis

130 3076 324 3161 justiciarijs
354 3082 387 3144 in
419 3082 541 3147 Banco.
598 3083 643 3146 Et
675 3082 719 3146 ibi
751 3090 828 3165 post
854 3081 977 3145 multas
1006 3080 1243 3144 altercaciones

134 3182 272 3245 tandem
288 3182 452 3248 dederunt
466 3186 628 3268 judicium
646 3206 706 3269 pro
722 3196 817 3270 parte
837 3185 957 3248 Prioris
978 3185 1020 3249 de
1042 3184 1244 3248 Bernewelle

134 3286 399 3351 contradictum
422 3288 658 3372 Reginaldum,
678 3291 721 3353 ad
744 3310 902 3372 magnam
923 3290 993 3352 eius
1014 3288 1242 3352 confusionem

135 3398 168 3453 et
189 3389 376 3473 dampnum
399 3413 465 3457 non
485 3394 664 3458 modicum.
711 3394 858 3458 Multum
880 3394 970 3458 enim
993 3395 1025 3456 in
1048 3392 1171 3475 placito
1187 3391 1244 3456 illo

134 3493 307 3574 expendit,
321 3497 402 3578 quia
417 3497 459 3561 de
475 3498 614 3563 victoria
628 3498 783 3581 sperauit

393 3716 441 3781 50.
486 3702 539 3766 De
560 3703 671 3767 Marte
691 3701 793 3784 Regis
815 3700 991 3785 H[enrict]

199 3857 456 3922 Memorandum
480 3857 572 3941 quod
595 3877 684 3920 anno
704 3856 832 3919 domini
850 3862 906 3920 m.⁰
920 3862 979 3919 cc.⁰
996 3856 1243 3940 septuagesimo
1258 3861 1374 3965 {32¹¹ss

137 3966 284 4031 secundo
311 3964 491 4027 terminato
518 3962 635 4025 itinere
659 3960 918 4042 justiciariorum
945 3960 1000 4024 die
1024 3962 1128 4025 sancti
1154 3959 1244 4025 Ead-
1258 3962 1406 4055 2⁸32&

137 4070 254 4134 mundi
271 4068 526 4152 Archiepiscopi
544 4065 808 4130 Cantuariensis¹
821 4065 977 4148 migrauit
993 4087 1037 4129 ex
1053 4066 1117 4130 hoc
1133 4066 1244 4129 seculo
1257 4063 1308 4113 Μ’
1320 4074 1376 4116 ¹²⁷²·

135 4174 270 4239 illustris
283 4195 343 4237 rex
360 4171 485 4255 Anglie
503 4171 670 4235 Henricus
685 4189 775 4234 anno
791 4170 884 4251 regni
901 4171 950 4233 sui
966 4170 1245 4254 quinquagesimo

134 4280 287 4365 septimo.
333 4276 395 4342 Cui
411 4276 571 4340 successit
588 4274 796 4339 Eadwardus
813 4275 1056 4357 primogenitus
1071 4276 1149 4340 eius.

575 4407 585 4439 ¹
604 4406 634 4457 ro
646 4406 800 4457 November.

1085 4531 1163 4587 9—a
