3192 5067
134 351 206 452 vu]
481 353 520 426 T
514 366 645 429 enanis
670 355 712 430 in
739 357 886 431 Borion

421 713 583 778 Redditus
603 715 643 778 de
663 715 798 780 termino
820 715 949 780 Pascite.

201 886 254 950 De
269 887 439 952 Willelmo
454 887 522 951 filio
539 888 667 954 Warini
683 890 724 953 ad
743 889 867 973 Ripam
883 889 936 972 .iij.
952 888 1085 953 solidos.

201 991 254 1054 De
271 991 417 1073 Hugone
435 991 608 1074 Fleminge
622 992 768 1058 obolum.
1253 1012 1271 1062 r.
1286 1025 1329 1076 171

200 1097 253 1161 De
270 1098 404 1181 Rogero
422 1098 536 1162 Pemel
552 1119 613 1180 pro
628 1107 716 1162 terra
730 1098 894 1180 Johannis
911 1098 942 1162 ie
958 1097 1057 1163 Child
1073 1098 1218 1163 obolum.

200 1201 253 1264 De
266 1200 421 1285 Johamre
436 1202 467 1266 le
483 1202 651 1286 Franceys
666 1201 695 1284 .j.
710 1202 894 1266 denarium.

201 1305 255 1369 De
267 1306 423 1390 Johanne
437 1305 481 1370 de
498 1307 532 1371 H
534 1315 663 1390 yntone
676 1305 824 1372 obolum.

201 1411 254 1474 De
280 1410 414 1475 Amicia
441 1432 546 1476 vxore
575 1412 712 1475 Henrici
743 1410 801 1495 filij
830 1411 962 1476 Thome
992 1433 1093 1476 vnam
1121 1413 1240 1478 libram

133 1535 255 1683 mmihi
292 1619 439 1684 Henrico
469 1622 635 1685 aurifabro
672 1642 734 1704 pro
770 1631 857 1686 terra
886 1622 1049 1704 Johannis
1079 1622 1110 1686 le
1141 1621 1240 1687 Child

133 1723 418 1911 Oboiblngymone
438 1830 481 1894 de
502 1827 574 1892 Len
594 1828 638 1892 de
659 1828 874 1910 cantebrigia
892 1849 953 1912 pro
969 1838 1055 1893 terra
1077 1828 1240 1910 Johannis

134 1931 165 1994 le
181 1930 280 1997 Child
296 1932 325 2014 .j.
340 1934 523 1998 denarium.

520 2037 660 2102 Summa
676 2037 725 2119 .vj.
742 2037 840 2101 solidi
856 2059 897 2102 .x.
915 2037 1041 2102 denarii
1057 2037 1241 2121 quadrant'.

372 2250 422 2298 22.
469 2233 598 2298 Solucio
621 2235 766 2299 redditus
787 2235 828 2298 de
848 2234 991 2300 Bertone.

197 2400 397 2464 ¹Attornato
426 2400 582 2483 Hugonis
612 2401 655 2464 de
681 2400 771 2464 Diua
801 2422 837 2465 .c.
868 2401 994 2465 solidos
1024 2422 1084 2484 per
1114 2422 1239 2466 annum

133 2505 347 2569 medietatem
371 2506 413 2569 ad
446 2504 572 2568 Pascha
594 2514 628 2568 et
656 2505 871 2568 medietatem
896 2507 938 2569 ad
970 2505 1092 2568 festum
1124 2505 1240 2570 Sancti

134 2609 330 2674 Michaelis¹.

199 2715 347 2778 Domino
362 2715 512 2778 Roherto
527 2713 570 2778 de
587 2715 645 2778 Ho
659 2715 702 2779 ad
719 2715 840 2780 festum
858 2715 973 2780 Sancti
991 2716 1164 2781 Michaelis
1181 2738 1239 2800 pro

132 2818 243 2882 warda
258 2820 301 2881 de
317 2818 528 2899 Bokingham
541 2841 578 2882 .v.
591 2819 724 2884 solidos.
761 2818 822 2884 ¹Et
839 2841 899 2903 pro
915 2818 1045 2884 redditu
1058 2822 1100 2883 ad
1118 2819 1238 2884 festum

132 2922 247 2986 Sancti
272 2921 446 2986 Michaelis
467 2944 505 2989 .v.
536 2923 668 2986 solidos.
715 2922 760 2987 Et
784 2944 844 3006 pro
874 2925 1005 2987 redditu
1037 2925 1079 2987 ad
1113 2924 1240 2988 Pascha

131 3047 169 3090 .v.
184 3026 330 3090 solidos¹.
379 3027 463 3090 Item
484 3027 592 3091 eidem
614 3028 751 3110 quando
773 3028 960 3110 scutagium
983 3029 1083 3092 currit
1098 3029 1193 3092 dabit
1208 3030 1237 3092 ei

132 3130 224 3194 Prior
239 3133 426 3214 scutagium
443 3151 503 3215 pro
517 3151 584 3195 vno
600 3130 699 3196 feodo
714 3133 846 3215 integro
859 3133 956 3195 vnius
972 3132 1094 3197 militis.

199 3235 285 3299 Item
313 3235 460 3318 Johanni
498 3235 665 3301 aurifabro
695 3257 755 3321 pro
785 3245 872 3301 terra
902 3235 1053 3320 Gregorij
1087 3237 1152 3301 Ere
1182 3258 1241 3320 per

130 3360 256 3404 annum
272 3339 325 3421 iij.
337 3340 501 3405 denarios.
547 3341 633 3405 Item
645 3340 755 3405 eidem
771 3362 833 3425 pro
847 3351 934 3406 terra
950 3341 1108 3407 Willelmi
1126 3341 1239 3407 Warin

132 3463 192 3526 per
207 3437 333 3507 annum
350 3444 404 3507 ix.
420 3444 582 3508 denarios.

198 3548 285 3612 Item
309 3547 482 3612 Willelmo
507 3549 629 3630 Juueni
656 3549 699 3613 de
727 3549 959 3634 Haselingseld
986 3570 1046 3633 pro
1069 3550 1241 3616 Wicstede

132 3651 293 3716 Willelmi
318 3653 433 3717 Warin
457 3673 664 3738 perannum
688 3655 756 3737 .xij.
778 3654 940 3720 denarios.

198 3757 285 3820 Item
315 3755 467 3822 Galirido
498 3758 626 3823 Kniuet
656 3779 717 3842 pro
746 3769 834 3823 terra
870 3758 1030 3823 Wiilelmi
1069 3758 1238 3825 Wauberd

129 3859 172 3942 ij.
194 3860 356 3924 denarios.

178 4011 189 4044 ¹
205 4013 262 4064 The
272 4014 414 4080 paragraph
432 4011 783 4065 “Attornato-Michaelis’'
798 4015 821 4063 is
835 4013 923 4064 scored
938 4013 1057 4080 through,
1074 4015 1124 4065 and
1136 4015 1242 4066 another

128 4096 197 4146 hand
214 4096 260 4146 har
276 4096 375 4147 written
389 4097 471 4148 ahove
485 4097 520 4147 it:
539 4097 703 4148 “Relaxatur
717 4096 791 4146 nohis
806 4111 852 4162 per
865 4105 959 4148 cartam
977 4097 1082 4148 Henrici
1099 4097 1241 4164 Coupman.

131 4182 269 4232 Relaxatur
285 4195 331 4246 per
346 4191 440 4230 cartam
455 4181 580 4246 Johannis
596 4180 684 4232 Nohea
700 4177 851 4245 capellani.'’

178 4261 190 4296 ¹
206 4263 263 4313 The
274 4263 414 4329 paragraph
429 4263 489 4313 “Et
500 4279 547 4329 pro
555 4261 807 4314 reddim-aolidos”
816 4263 838 4312 is
847 4263 934 4314 rcored
946 4263 1063 4329 through.
1075 4263 1125 4314 and
1136 4263 1242 4315 another

128 4344 197 4395 hnnd
213 4345 260 4394 has
270 4344 369 4395 nntten
385 4344 467 4395 above
483 4345 519 4396 it:
538 4344 702 4397 “Relmtur
717 4361 762 4410 per
775 4352 869 4396 canam
885 4345 984 4395 Thome
999 4345 1032 4396 de
1044 4346 1105 4396 Hoo
1120 4345 1244 4397 Cheunler

128 4427 323 4494 quia,domioua
338 4427 399 4478 eruit
416 4426 526 4479 eidem.”

211 4553 239 4596 C.
859 4569 860 4574 ¹
1123 4557 1161 4596 20
