3192 5067
104 369 109 378 ’
155 339 211 438 V1]
480 340 678 414 Hundred
698 341 745 438 os
769 340 807 414 T
802 340 936 437 rolloni
1189 360 1260 429 249

157 528 272 593 militis
302 531 346 595 de
378 530 476 596 feodo
508 531 645 595 Roberti
674 529 773 593 Pikot
802 529 837 591 in
864 527 1088 603 Bokeswrthe,
1119 535 1153 590 et
1184 535 1262 588 sunt

158 633 213 697 ubi
236 656 274 698 .v.
298 634 375 698 hide
398 645 432 699 et
455 634 594 700 dimidia
616 633 809 718 geldabiles.

222 737 783 823 Meldre[Me1dreth],Meldeburn
803 736 1021 821 [Melbourn].
1067 733 1264 799 Alexander

157 841 200 905 de
224 842 345 906 Bancis
369 841 469 908 debet
492 844 519 910 .i.
542 852 678 919 sectam,
700 853 735 906 et
756 842 799 906 de
823 842 949 906 auxilio
971 840 1176 905 vicecomitis
1197 837 1263 920 ijs.

157 945 327 1010 Galfridus
349 950 393 1013 de
416 948 546 1014 Caxton
570 957 663 1012 tenet
686 946 750 1032 .iiij.
773 955 903 1031 partem
928 943 1016 1010 feodi
1036 945 1065 1009 .i.
1083 943 1199 1008 militis
1221 941 1264 1006 de

159 1049 257 1114 feodo
292 1052 466 1135 Hardwyn
496 1054 540 1118 de
567 1052 734 1127 scaloriis
760 1063 794 1116 et
820 1050 921 1115 debet
948 1049 975 1114 .i.
1002 1058 1139 1124 sectam,
1160 1057 1196 1112 et
1220 1048 1265 1111 de

158 1153 286 1218 auxilio
314 1154 518 1220 vicecomitis
547 1155 613 1237 .ijs.
670 1155 801 1219 Ibidem
833 1153 974 1236 Egidius
1003 1153 1047 1217 de
1076 1151 1263 1234 Argentem

158 1267 251 1322 tenet
265 1257 330 1342 .iiij.
343 1268 472 1343 partem
490 1259 577 1324 leodi
595 1259 623 1324 .i.
641 1259 755 1324 militis
769 1259 813 1323 de
835 1258 934 1322 feodo
950 1256 1101 1323 Wiscard
1125 1253 1264 1338 Leydet

360 1564 564 1631 Hundredus
585 1565 625 1630 de
652 1565 683 1629 T
680 1565 854 1648 reppelawe
875 1564 1061 1649 [Triplow].

230 1731 260 1794 T
258 1733 421 1814 mmpiton
437 1730 724 1816 [Trumpington]
770 1730 961 1796 Willelmus
977 1730 1020 1795 de
1039 1729 1208 1794 Euerenes
1231 1738 1265 1792 et

160 1834 290 1900 Alanus
306 1836 349 1900 de
366 1837 469 1920 Hyde
492 1846 607 1900 tenent
631 1835 765 1900 feodum
789 1835 920 1899 dimidii
944 1835 1058 1898 militis
1078 1835 1121 1898 de
1139 1833 1266 1898 honore

161 1940 322 2018 Bononie,
334 1949 367 2004 et
381 1962 446 2004 non
463 1941 588 2006 debent
603 1950 728 2006 sectam
746 1962 855 2024 neque
871 1942 1035 2004 auxilium
1052 1940 1265 2004 vicecomitis.

162 2043 290 2108 ibidem
320 2044 490 2126 lohannes
520 2047 562 2110 de
594 2044 710 2128 Kayly
736 2055 830 2108 tenet
856 2044 954 2108 feoda
980 2044 1020 2127 .ij.
1048 2042 1191 2107 militum
1222 2042 1265 2107 de

160 2147 284 2211 honore
312 2148 453 2213 Comitis
476 2147 683 2213 Aubemarle
709 2148 834 2213 scilicet
861 2151 904 2214 de
930 2149 1056 2213 honore
1080 2147 1192 2232 [castri
1222 2149 1265 2211 de

161 2251 319 2335 Craven]¹
334 2264 367 2318 et
383 2254 482 2318 debet
499 2251 527 2317 .i.
543 2263 678 2328 sectam,
695 2262 728 2316 et
743 2254 787 2317 de
802 2253 931 2316 auxilio
945 2253 1149 2316 vicecomitis
1164 2251 1263 2335 .viijs.

160 2377 220 2440 per
231 2377 365 2420 annum.
400 2356 530 2421 ibidem
546 2357 711 2422 Henricus
721 2358 764 2423 de
773 2357 974 2441 Trumpiton
987 2367 1078 2422 tenet
1089 2357 1224 2422 feodum
1235 2356 1264 2439 .j.

161 2461 274 2524 militis
295 2461 337 2525 de
354 2461 451 2525 feodo
472 2460 613 2525 Matilde
634 2462 676 2526 de
698 2462 796 2539 Diua,
812 2471 846 2526 et
860 2462 962 2526 debet
977 2461 1005 2546 .j.
1021 2472 1146 2527 sectam
1162 2478 1265 2545 quam

162 2563 306 2629 Albinus
322 2563 401 2629 lacit
416 2586 477 2648 pro
491 2586 532 2629 eo
548 2587 607 2649 per
621 2586 756 2643 annum,
772 2575 806 2630 et
821 2565 922 2630 debet
937 2587 995 2650 per
1010 2587 1135 2630 annum
1147 2565 1214 2649 .ijs.
1223 2566 1266 2630 de

160 2667 289 2733 auxilio
310 2668 523 2733 vicecomitis,
570 2667 700 2733 Ibidem
726 2669 914 2733 Willelmus
940 2670 1085 2734 Bernard
1113 2668 1214 2732 debet
1237 2667 1265 2732 .i.

161 2780 285 2836 sectam
302 2780 336 2835 et
352 2772 532 2854 respondet
546 2773 589 2836 de
605 2772 732 2837 auxilio
748 2773 951 2837 vicecomitis
966 2794 1043 2837 cum
1055 2772 1208 2854 Johanne
1223 2773 1266 2836 de

163 2875 287 2960 Kayly,
302 2886 336 2941 et
351 2887 428 2942 sunt
445 2877 568 2941 ibidem
585 2899 644 2961 per
659 2888 767 2943 totum
784 2879 851 2942 ,xii
868 2876 946 2942 hide
962 2887 1047 2942 terre
1062 2877 1150 2941 vnde
1165 2877 1220 2941 .ix.
1232 2886 1266 2940 et

160 2979 300 3046 dimidia
323 2990 402 3046 sunt
422 2982 616 3065 geldabile5‚
639 2993 673 3046 et
694 2983 735 3047 .ii.
755 2981 834 3047 hide
856 2992 943 3047 terre
965 2993 998 3046 et
1021 2982 1160 3045 dimidia
1181 3003 1266 3065 quas

160 3086 291 3151 Alanus
307 3089 350 3151 de
368 3087 437 3152 Hid
454 3097 487 3151 et
504 3086 692 3152 willelmus
705 3087 748 3151 de
765 3088 934 3153 Euerenes
950 3097 1067 3152 tenent
1081 3088 1124 3152 de
1139 3086 1265 3151 honore

162 3190 312 3255 Bononie
332 3200 366 3255 et
387 3213 452 3256 non
477 3203 554 3257 sunt
574 3192 766 3276 geldabiles.
816 3193 945 3258 ibidem
963 3191 1157 3258 Eborardus
1171 3201 1264 3256 tenet

160 3295 293 3360 feodum
311 3297 407 3361 vnius
423 3297 537 3360 militis
553 3296 595 3361 de
612 3296 710 3362 leodo
725 3297 768 3360 de
785 3297 978 3361 Mortumer.

225 3401 342 3464 Parua
359 3401 495 3482 Selsord
507 3400 626 3484 [Little
642 3400 821 3484 Shellord].
853 3401 1127 3484 Baldewynusde
1144 3400 1264 3465 Freuill

161 3515 251 3570 tenet
265 3505 317 3568 .iii.
334 3515 463 3588 partem
486 3506 573 3570 leodi
589 3505 617 3589 ..j
635 3505 748 3569 militis
769 3506 812 3571 de
827 3505 965 3570 domino
988 3506 1082 3589 Rege
1098 3507 1131 3569 in
1147 3507 1266 3589 capite,

160 3621 193 3674 et
216 3610 259 3674 de
275 3609 399 3674 honore
417 3608 636 3694 Rich[mond]
653 3609 717 3674 .iiii.
733 3621 863 3693 partem
885 3608 972 3674 leodi
988 3609 1018 3693 .j.
1034 3609 1149 3674 militis
1168 3619 1203 3675 et
1223 3610 1266 3675 de

159 3715 317 3799 episcopo
341 3714 478 3797 Elyensi
506 3714 640 3780 feodum
665 3716 693 3778 .i.
719 3715 833 3780 militis
859 3727 894 3780 et
919 3715 1058 3779 dimidii.
1103 3716 1149 3780 Et
1175 3717 1265 3780 idem

162 3819 385 3902 Baldewynus
409 3819 510 3884 debet
535 3819 561 3884 .i.
587 3829 722 3893 sectam,
750 3829 784 3883 et
809 3818 878 3903 [de]
904 3818 1033 3883 auxilio
1062 3819 1266 3884 vicecomitis

160 3945 227 3988 .x„r.
244 3945 303 4007 per
324 3944 458 3988 annum.
506 3923 551 3987 Et
572 3924 695 3988 ibidem
718 3932 795 3987 sunt
812 3923 852 3987 .ii.
867 3922 944 3987 hide
965 3931 1051 3986 terre
1072 3933 1106 3986 et
1127 3921 1266 3988 dimidia
1278 3931 1296 3982 t.
1313 3930 1387 3994 1461>

160 4026 351 4111 geldabiles.

225 4133 253 4196 S
254 4132 415 4216 tapelsord
426 4131 657 4216 [Staplelord]‚
667 4131 797 4214 Magna
809 4131 944 4212 Selsord
955 4129 1074 4214 [Great
1084 4130 1264 4216 Shellord].

162 4236 350 4302 Willelmus
373 4236 416 4302 de
444 4238 621 4302 Herleston
646 4247 738 4302 tenet
764 4237 898 4301 feodum
926 4236 1055 4301 dimidii
1083 4237 1197 4302 militis
1223 4238 1266 4302 de

425 4411 434 4443 ¹
450 4413 484 4464 de
496 4413 545 4474 ch,
558 4413 617 4464 MS.
652 4413 700 4466 See
713 4413 801 4464 Hund.
815 4411 895 4474 Rolls,
908 4413 934 4462 ii.
948 4415 1003 4475 548.
