3192 5067
152 326 226 425 vn]
460 327 498 401 T
491 337 619 404 manis
646 326 687 401 in
714 326 938 424 Madingley
1185 345 1257 416 309

151 523 238 578 terre
252 515 295 578 de
310 514 430 577 eodem
445 511 596 589 feod0,et
613 512 724 577 reddit
740 512 819 576 inde
835 529 1034 592 perannum
1050 507 1092 591 ij.
1104 507 1258 572 denarios

151 618 297 683 obolum.

217 725 388 807 Johannes
400 722 485 789 fliius
498 723 626 788 Aibrici
638 732 730 788 tenet
741 744 784 786 .x.
795 741 889 785 acras
904 731 998 797 terre,
1006 729 1041 785 et
1056 719 1166 786 reddit
1180 719 1259 784 inde

153 848 352 912 perannum
368 851 407 894 .ฮฝ.
422 826 547 893 solidos
562 836 596 891 et
611 827 697 892 duos
713 846 858 912 capones
874 826 916 890 ad
935 825 1065 890 Nataie

173 971 186 994 -.
221 933 387 998 Henricus
418 931 504 996 fiiius
530 931 663 996 Thome
689 931 876 1014 Attegrene
901 938 994 994 tenet
1019 950 1120 994 vnam
1147 949 1257 994 acram

153 1047 238 1100 terre
253 1047 287 1102 et
302 1056 403 1100 vnum
420 1037 579 1112 clausum,
590 1044 625 1100 et
640 1034 750 1100 reddit
765 1035 844 1100 inde
859 1054 918 1119 per
936 1054 1062 1098 annum
1074 1056 1112 1100 .v.
1124 1034 1257 1098 solidos.

220 1134 387 1200 Robertus
404 1136 525 1199 Heued
547 1144 640 1200 tenet
654 1156 697 1199 .x.
712 1154 807 1199 acras
822 1143 917 1210 terre,
931 1143 965 1198 et
981 1133 1090 1200 reddit
1106 1133 1183 1200 inde
1199 1153 1258 1218 per

151 1261 277 1304 annum
293 1262 330 1305 .v.
346 1239 471 1304 soiidos
486 1248 520 1304 et
535 1237 575 1321 ij.
591 1258 736 1322 capones
752 1240 794 1303 ad
812 1238 943 1304 Nataie.

217 1344 363 1428 Jacobus
399 1344 485 1408 filius
515 1342 656 1409 Gaiiridi
689 1343 806 1408 Priour
839 1352 932 1408 tenet
961 1362 1063 1408 vnum
1098 1343 1257 1420 clausum,

151 1462 186 1515 et
213 1450 322 1515 reddit
347 1449 426 1514 inde
451 1469 510 1533 per
535 1467 661 1513 annum
688 1445 739 1530 .vj.
765 1447 891 1513 solidos
916 1457 950 1512 et
976 1447 1017 1530 ij.
1042 1467 1187 1532 capones
1213 1448 1256 1514 ad

152 1555 283 1620 Nataie

218 1661 371 1744 Rogerus
392 1660 498 1742 Terry
513 1668 607 1724 tenet
621 1677 722 1722 vnum
745 1657 905 1734 clausum,
920 1665 955 1721 et
976 1655 1085 1721 reddit
1101 1656 1179 1722 inde
1198 1676 1258 1740 per

152 1785 277 1830 annum
293 1766 347 1830 .xi.
363 1764 518 1830 denarios
532 1774 566 1829 et
581 1764 622 1847 .ij.
637 1782 782 1846 capones
798 1764 842 1828 ad
858 1762 988 1826 Nataie

218 1870 385 1935 Henricus
404 1868 605 1953 Capelianus
627 1877 720 1933 tenet
739 1889 783 1932 .x.
803 1887 897 1932 acras
915 1876 1009 1944 terre,
1028 1875 1063 1932 et
1084 1864 1194 1932 reddit
1213 1866 1255 1931 ad

151 1976 339 2058 scutagium
354 1974 433 2040 ,xiii
448 1973 604 2038 denarios
618 1970 682 2056 [et]
696 1973 927 2055 quadrantem.
1269 1973 1347 2040 5ยน73

217 2078 361 2144 Matilda
376 2076 577 2142 Brendhand
594 2085 685 2140 tenet
700 2075 872 2159 quoddam
893 2074 1043 2138 clausum
1059 2093 1135 2138 cum
1151 2073 1257 2140 croita

150 2185 333 2262 adiacente,
348 2193 382 2248 et
398 2182 506 2247 reddit
521 2180 600 2246 inde
614 2202 673 2266 per
687 2200 814 2245 annum
824 2179 876 2263 iij.
888 2178 1014 2244 solidos
1025 2178 1078 2263 iij.
1093 2179 1256 2259 denarios,

151 2299 184 2352 et
245 2309 284 2352 ca
331 2307 417 2352 nem.

206 2308 384 2456 JWaiioerus
406 2392 438 2454 ie
462 2388 579 2454 Bonde
600 2399 693 2454 tenet
715 2408 814 2453 vnam
838 2386 1011 2452 dimidiam
1034 2407 1146 2451 acram
1171 2397 1257 2453 terre

152 2496 195 2560 de
221 2494 320 2560 ieodo
345 2495 389 2560 de
413 2492 623 2570 Brendhand,
645 2502 680 2557 et
706 2492 816 2556 reddit
843 2491 921 2556 inde
951 2511 1010 2574 per
1038 2512 1164 2557 annum
1190 2491 1256 2576 iiij.

151 2602 386 2768 denaiiiaiisterus
398 2701 600 2786 Capelianus
611 2709 704 2765 tenet
715 2699 887 2783 quoddam
901 2698 1050 2764 clausurn
1063 2721 1139 2764 cum
1152 2699 1257 2764 croita

152 2807 335 2884 adiacente,
356 2818 391 2872 et
417 2807 527 2872 reddit
550 2806 629 2870 inde
655 2825 714 2887 per
739 2823 865 2867 annum
889 2803 956 2886 .xij.
979 2803 1133 2868 denarios
1157 2815 1190 2870 et
1214 2805 1256 2888 ij.

151 2932 297 2996 capones
312 2910 355 2974 ad
372 2911 503 2976 Nataie

219 3015 406 3080 Wilieimus
440 3015 642 3078 Aiisaundre
676 3022 768 3077 tenet
798 3032 900 3076 vnum
937 3015 1145 3098 mesuagium
1181 3035 1257 3079 cum

152 3121 257 3187 croita
287 3130 321 3185 et
346 3119 400 3203 iij.
426 3120 510 3183 acris
539 3129 634 3194 terre,
658 3127 693 3183 et
723 3117 833 3182 reddit
863 3117 941 3181 inde
967 3139 1026 3202 per
1051 3139 1177 3183 annum
1204 3119 1257 3203 iij.

150 3227 285 3291 solidos

218 3331 370 3414 Rogerus
386 3326 570 3392 Vendhout
590 3335 682 3390 tenet
697 3325 759 3408 .vij.
775 3347 868 3390 acras
884 3335 969 3390 terre
984 3337 1019 3391 et
1033 3327 1207 3393 dimidiam
1223 3337 1258 3394 et

152 3455 252 3499 vnam
280 3434 406 3510 rodam,
432 3443 467 3497 et
492 3431 602 3497 reddit
630 3431 708 3496 inde
734 3452 793 3515 per
819 3451 945 3496 annum
969 3431 1071 3514 .xivij.
1095 3431 1258 3512 denarios,

151 3539 382 3624 quadrantem,
396 3546 431 3603 et
445 3537 486 3620 ij.
501 3557 656 3620 capones.

220 3644 387 3709 Robertus
422 3642 550 3707 Aiberd
585 3651 678 3707 tenet
711 3642 884 3725 quoddam
921 3641 1128 3724 mesuagium
1166 3642 1256 3726 quod

155 3749 317 3815 Ricardus
343 3747 438 3814 Scrik
463 3747 571 3811 tenuit
593 3755 627 3810 et
650 3745 681 3828 .j.
704 3765 816 3810 acram
841 3755 876 3810 et
901 3746 1075 3812 dimidiam
1100 3757 1134 3810 et
1156 3767 1256 3812 vnam

154 3855 269 3918 rodam
296 3863 391 3928 terre,
413 3863 449 3917 et
474 3852 583 3916 reddit
610 3850 689 3914 inde
714 3871 774 3934 per
799 3870 925 3916 annum
950 3847 1000 3930 .vj.
1023 3848 1148 3914 solidos
1172 3860 1206 3915 et
1228 3849 1257 3934 .j.

152 3977 324 4042 caponem.

218 4062 364 4144 Jacobus
380 4059 468 4126 filius
481 4060 618 4124 Heurici
634 4068 728 4124 tenet
742 4057 914 4141 quoddam
930 4057 1089 4134 clausum,
1099 4069 1133 4123 et
1148 4058 1257 4124 reddit

154 4169 232 4233 inde
247 4185 446 4249 perannum
461 4165 491 4248 .j.
507 4185 678 4249 caponem.

219 4273 372 4354 Rogerus
402 4268 488 4335 iilius
519 4270 683 4336 Cristiane
712 4279 804 4334 tenet
830 4288 929 4332 vnam
956 4269 1073 4333 rodam
1105 4279 1197 4345 terre,
1224 4278 1257 4332 et

152 4375 262 4442 reddit
278 4375 356 4440 inde
372 4393 570 4457 perannum
586 4373 660 4457 .viij.
676 4374 838 4438 denarios
