3192 5067
142 339 197 439 1v]
244 338 470 412 Theclmrch
489 338 539 435 of
556 338 595 411 S.
608 338 714 437 John
741 338 823 413 ancl
844 338 903 413 the
923 339 1146 413 Carmelites
1174 363 1245 430 209

405 774 451 838 16.
495 770 689 836 Procuracio
710 770 769 835 sub
790 771 858 836 aleb
872 773 997 853 forma.

196 961 413 1018 Uenerabilibus
437 963 564 1034 patribus
589 963 617 1015 in
644 961 756 1016 Christo
775 960 891 1016 domino
911 958 1058 1033 J[ohanni]
1082 960 1127 1015 dei
1152 960 1248 1029 gracia
1261 960 1406 1065 mletssntl

141 1050 339 1119 Wyntoniensi
360 1051 505 1122 Episcopo
522 1061 549 1105 et
570 1048 708 1121 O[livero]
726 1050 772 1105 dei
790 1050 886 1119 gracia
901 1050 1090 1105 Lincolniensi
1105 1049 1247 1120 Episcopo
1279 1064 1373 1105 {vento

140 1139 335 1194 executoribus
348 1155 433 1210 super
444 1138 563 1194 decimis
575 1148 603 1192 et
621 1138 845 1193 obuencionibus
864 1138 980 1192 domino
1000 1135 1183 1208 E[adwardo]
1201 1114 1393 1209 deiflssbkisssse

140 1227 236 1295 gracia
250 1225 322 1296 Regi
334 1227 437 1298 Anglie
450 1227 480 1280 in
493 1228 650 1283 subsidium
663 1238 735 1283 terre
748 1236 847 1283 sancte
859 1228 1002 1283 concessis
1015 1245 1032 1282 a
1050 1227 1117 1283 sede
1134 1236 1246 1297 aposto·
1259 1216 1278 1265 f·
1290 1216 1345 1281 79b

140 1314 196 1369 lica
214 1316 358 1386 deputatis
376 1315 420 1372 sui
438 1316 560 1373 humiles
578 1326 607 1373 et
625 1316 721 1372 deuoti
741 1314 873 1388 S[ymon]
893 1315 973 1371 Prior
987 1316 1022 1370 de
1036 1315 1207 1371 Bemewelle
1219 1324 1247 1369 et

139 1403 267 1459 eiusdem
284 1404 339 1459 loci
357 1406 520 1461 conuentus
538 1404 670 1475 Elyensis
687 1403 809 1459 diocesis
825 1404 946 1459 salutem
962 1406 991 1459 in
1009 1404 1126 1460 domino
1144 1405 1247 1476 sempi-

140 1502 260 1548 ternam.

195 1580 339 1635 Noueritis
357 1581 434 1652 quod
452 1582 489 1635 ad
504 1580 657 1651 jurandum
676 1580 704 1635 in
723 1579 835 1635 animas
854 1589 964 1635 nostras
978 1580 1014 1635 de
1027 1579 1101 1636 fideli
1115 1590 1248 1651 compoto

141 1668 287 1725 reddendo
311 1669 348 1724 de
372 1669 454 1724 bonis
479 1670 681 1741 temporalibus
706 1668 816 1724 decime
840 1668 956 1724 domino
982 1669 1052 1738 Regi
1081 1669 1110 1723 in
1141 1669 1247 1725 diocesi

142 1756 260 1824 Elyensi
279 1773 297 1811 a
315 1756 381 1811 sede
400 1756 557 1826 apostolica
578 1773 721 1822 concesse,
740 1767 769 1811 et
793 1756 830 1811 ad
849 1756 945 1811 omnia
969 1757 1025 1811 alia
1043 1756 1174 1813 iacienda
1192 1775 1247 1829 que

140 1843 302 1899 huiusmodi
316 1844 424 1914 negocij
438 1856 540 1899 natura
552 1846 676 1915 requirit,
689 1844 823 1900 dilectum
836 1846 918 1900 nobis
931 1847 959 1900 in
974 1846 1088 1901 Christo
1101 1846 1246 1902 dominum

142 1931 298 1987 Robertum
321 1932 358 1985 de
385 1930 528 1986 Hokitone
553 1930 720 1985 canonicum
746 1940 874 1985 nostrum
904 1941 931 1985 et
956 1931 1104 1985 sacristam
1129 1931 1247 1987 ecclesie

140 2028 236 2075 nostre
254 2018 290 2073 de
309 2020 481 2074 Bemewelle
499 2028 708 2089 procuratorem
733 2028 861 2073 nostrum
880 2017 1007 2085 facimus,
1027 2018 1200 2085 ordinamus,
1219 2031 1247 2075 et

140 2105 336 2163 constituimus
354 2123 404 2177 per
428 2115 581 2177 presentes,
606 2116 699 2161 ratum
722 2106 844 2161 habituri
870 2116 898 2161 et
922 2116 1033 2175 gratum
1058 2107 1193 2178 quicquid
1216 2107 1246 2162 in

140 2192 285 2264 premissis
324 2191 416 2246 dictus
455 2189 619 2263 R[obertus]
657 2190 773 2247 nomine
803 2204 899 2247 nostro
937 2192 1047 2248 duxerit
1077 2193 1245 2249 laciendum.

140 2281 248 2335 Valete.

196 2371 304 2423 Datum
322 2368 352 2423 in
373 2368 497 2439 capitulo
516 2378 614 2423 nostro
635 2369 671 2424 de
692 2370 862 2424 Bemewelle
882 2369 975 2424 idibus
998 2369 1151 2439 februarij,
1171 2387 1247 2425 anno

141 2457 248 2511 domini
261 2465 363 2512 m⁰.cc⁰.
384 2458 578 2525 Nonagesimo
597 2457 730 2511 secundo.

424 2843 469 2909 17.
513 2826 706 2891 Proaaeractb
728 2824 971 2907 Elemosinan'j.

195 3017 294 3071 Pateat
327 3016 466 3071 uniuersis
498 3034 550 3087 per
577 3025 723 3087 presentes
758 3016 836 3085 quod
867 3032 919 3069 nos
950 3016 1057 3084 Symon
1097 3014 1176 3069 Prior
1212 3014 1248 3069 de
1262 3026 1385 3079 appoint-

143 3104 313 3160 Bemewelle
330 3114 358 3159 et
371 3105 497 3159 eiusdem
510 3104 563 3159 loci
577 3115 734 3159 conuentus
747 3104 865 3159 lecimus
878 3103 1025 3157 dominum
1038 3102 1200 3172 Jobannem
1212 3102 1249 3157 de
1262 3077 1368 3169 ῗξέξξῐ

143 3194 281 3249 Grettone
309 3195 532 3249 concanonicum
563 3204 590 3248 et
622 3191 860 3248 Elemosinarium
885 3202 1011 3247 nostrum
1037 3198 1248 3263 procuratorem
1259 3177 1375 3278 {3⁰2¹ss

140 3290 268 3337 nostrum
281 3282 318 3336 ad
331 3282 569 3337 consenciendum
583 3282 760 3352 inquisicioni
773 3298 825 3352 per
841 3281 1015 3337 uenerabiles
1028 3281 1104 3335 uiros
1117 3281 1248 3335 dominos
1262 3279 1413 3380 322222320

142 3370 290 3425 officialem
304 3371 457 3440 Elyensem
470 3380 498 3425 et
510 3370 750 3426 Archidiaconum
761 3370 817 3424 loci
829 3368 957 3425 eiusdem
969 3368 1098 3425 faciende
1112 3368 1184 3423 inter
1196 3385 1248 3423 nos
1263 3378 1299 3421 tor
1308 3378 1350 3420 the

142 3468 170 3515 et
187 3460 337 3515 ecclesiam
357 3470 482 3514 nostram
504 3459 599 3515 Sancti
618 3460 756 3529 Johannis
779 3458 960 3529 cantebrigie
978 3475 1011 3513 ex
1032 3468 1112 3529 parte
1134 3475 1199 3522 una,
1220 3467 1249 3513 et
1262 3426 1406 3521 {simetrii

141 3548 242 3603 iratres
266 3549 302 3603 de
327 3549 458 3604 carmelo
481 3565 516 3604 ex
540 3549 636 3616 altera,
660 3565 745 3620 super
767 3548 875 3603 lesione
896 3556 986 3603 status
1010 3547 1129 3603 ecclesie
1152 3545 1248 3602 Sancti
1263 3528 1369 3631 ἓξὲξ,

143 3636 282 3707 Johannis
312 3638 481 3709 supradicte,
513 3636 613 3693 dantes
644 3637 736 3693 eidem
767 3646 936 3708 potestatem
967 3636 1119 3707 specialem
1153 3646 1250 3691 nostro
1263 3629 1413 3721 2333?ss

142 3723 259 3779 nomine
276 3742 307 3780 se
324 3725 400 3781 dicte
420 3725 599 3797 inquisicioni
618 3725 810 3793 submittendi,
833 3735 860 3780 et
880 3736 1027 3796 suspectos
1048 3724 1201 3781 accusandi
1221 3734 1249 3779 et
1265 3728 1414 3789 &Jopntne

142 3813 315 3880 remouendi,
328 3823 357 3868 et
370 3812 465 3868 omnia
477 3812 533 3867 alia
545 3812 666 3868 faciendi
684 3829 739 3883 que
751 3812 908 3867 faceremus
921 3812 944 3867 si
958 3820 1102 3884 presentes
1114 3828 1248 3866 essemus.
1263 3780 1363 3871 iiim
1372 3780 1406 3831 sy

144 3903 198 3955 Pro
217 3902 317 3957 eodem
336 3903 427 3956 eciam
444 3919 505 3957 rem
524 3912 614 3956 ratam
631 3901 730 3956 haberi
749 3902 803 3956 sub
821 3902 961 3972 ypotecha
981 3916 1071 3955 rerum
1090 3912 1249 3957 nostrarum
1264 3878 1396 3979 {ffiffi

143 3988 309 4058 exponimus
326 3991 485 4044 cauciones.
1266 3980 1331 4021 μου.
1343 3990 1401 4032 1291,

199 4078 232 4131 ln
261 4077 340 4132 cuius
370 4079 409 4134 rei
439 4078 631 4133 testimonium
657 4078 835 4149 presentibus
861 4078 984 4149 sigillum
1014 4078 1137 4149 Capituli
1163 4078 1250 4133 nostri

141 4165 261 4221 lecimus
278 4166 390 4237 apponi.
429 4169 537 4222 Datum
554 4167 584 4221 in
598 4167 729 4238 Capitulo
747 4175 844 4220 nostro
857 4167 893 4221 de
908 4166 1078 4221 Bemewelle
1091 4166 1137 4220 die
1153 4164 1251 4220 Sancti

146 4253 291 4309 Edmundi
311 4255 398 4323 Regis
410 4266 438 4309 et
456 4255 586 4323 martiris,
604 4273 679 4311 anno
696 4254 803 4309 domini
818 4262 931 4310 .m⁰.cc⁰.
950 4254 1136 4325 nonagesimo
1152 4254 1251 4326 primo.

227 4488 254 4533 c.
1138 4491 1173 4546 14
