3192 5067
155 310 218 411 111]
395 313 576 412 Vr'caragc
599 312 647 409 of
666 313 829 388 Guilden
855 314 1016 388 Morden
1192 332 1259 408 175

153 499 279 563 curiam
305 498 408 582 Regis
436 520 496 582 pro
522 498 734 581 impetranda
761 499 968 583 protectione
993 498 1122 563 domini
1151 499 1261 581 Regis.

155 604 276 668 Postea
296 604 464 667 commisit
484 604 753 688 archiepiscopus
774 624 910 669 causam
926 603 1160 669 archidiacono
1177 604 1258 668 Nor·
1275 610 1291 663 t.
1307 611 1338 675 65

154 709 308 791 wyeensi,
323 709 448 773 scilicet
467 710 627 792 magistro
648 709 780 773 Thome
801 710 844 773 de
865 710 1079 792 Scerningge‚
1096 709 1154 773 sed
1172 708 1264 775 Prior

154 814 197 877 de
227 813 398 897 Gipwyco,
430 815 532 879 iudex
562 815 745 898 delegatus,
772 815 914 879 inhibuit
945 816 974 879 ei
1002 815 1064 878 sub
1092 834 1179 897 pena
1204 836 1264 878 ex·

153 918 466 982 communicationis
495 939 538 983 ne
560 920 761 1002 procederet.
808 918 886 1003 Ipse
908 919 1160 983 archidiaconus
1185 928 1265 982 tunc

155 1020 282 1085 remisit
311 1040 447 1085 causam
477 1022 738 1105 archiepiscopo,
768 1031 802 1086 et
840 1020 1107 1105 archiepiscopus
1145 1021 1264 1085 iterum

156 1124 233 1189 fecit
258 1125 362 1191 citare
389 1126 535 1191 Priorem
563 1137 601 1190 ut
626 1134 835 1209 compareret
862 1146 973 1189 coram
1005 1146 1046 1189 eo
1075 1126 1265 1208 ubicunque

156 1240 244 1294 esset
265 1229 298 1293 in
320 1230 499 1313 prouincia.
546 1231 614 1297 Sed
637 1230 731 1295 Prior
751 1230 793 1295 de
811 1230 973 1315 Gipwyco
997 1230 1139 1294 inhibuit
1160 1230 1264 1294 archi·

155 1334 313 1416 episcopo
354 1354 396 1398 ne
438 1334 638 1418 procederet
695 1334 762 1400 Sed
801 1334 1068 1418 archiepiscopus
1109 1333 1153 1397 de
1194 1333 1265 1396 eius

157 1437 358 1503 inhibicione
374 1458 441 1501 non
457 1440 594 1516 curauit,
610 1439 669 1503 sed
687 1438 834 1503 Priorem
850 1438 892 1503 de
909 1438 1110 1502 Bemewelle
1128 1458 1264 1502 excom·

157 1540 347 1605 municauit
394 1540 486 1605 Prior
511 1542 555 1605 de
582 1540 784 1605 Bemewelle
811 1540 995 1624 appellauit
1020 1541 1064 1605 ad
1090 1540 1263 1605 dominum

156 1665 281 1728 papam
305 1655 339 1709 et
363 1645 406 1709 ad
428 1647 608 1711 tuicionem
628 1646 717 1710 sedis
739 1644 998 1722 Cantuariensis,
1018 1655 1052 1709 et
1074 1646 1266 1729 impetrauit

157 1770 177 1813 a
198 1748 326 1813 decano
347 1750 390 1813 de
405 1750 546 1813 arcubus
563 1748 798 1814 inhibicionem
821 1750 947 1813 clericis
968 1750 1207 1834 archiepiscopi
1223 1771 1265 1815 ne

157 1855 383 1937 procederent.
421 1852 518 1917 Tunc
529 1853 631 1917 iratus
640 1853 909 1938 archiepiscopus
922 1854 999 1919 iecit
1010 1855 1104 1919 citari
1119 1854 1263 1919 Priorem

156 1957 199 2022 de
230 1958 401 2041 Gipwyco,
431 1958 490 2023 sed
523 1956 614 2021 Prior
642 1957 686 2022 de
717 1959 919 2024 Bemewelle
947 1961 1159 2025 conseruauit
1188 1981 1263 2025 eum

157 2064 382 2147 indempnem.
427 2063 524 2127 Tunc
541 2063 651 2127 Lucas
665 2064 808 2127 vicarius
822 2064 986 2128 conduxit
1003 2064 1112 2147 plures
1125 2065 1265 2147 juuenes

158 2178 196 2231 ut
218 2168 251 2232 ui
274 2177 482 2251 asportarent
505 2167 652 2232 decimas
674 2189 758 2251 quas
784 2169 1053 2254 archiepiscopus
1079 2170 1109 2234 ei
1136 2171 1265 2235 adiudi-

156 2274 256 2348 cauit‚
285 2284 319 2337 et
349 2294 408 2357 per
437 2271 602 2338 decanum
633 2273 676 2337 de
706 2272 905 2355 Papworthe
935 2273 1079 2338 eundem
1110 2275 1200 2339 misit
1232 2276 1264 2339 in

156 2378 400 2461 possessionem
417 2398 476 2461 per
491 2397 592 2441 unam
605 2377 744 2460 garbam
756 2398 858 2460 quam
871 2378 983 2461 posuit
994 2399 1093 2462 super
1105 2400 1264 2463 magnum

157 2484 261 2547 altare
291 2482 334 2547 de
364 2482 537 2547 Mordone.
584 2483 652 2548 Sed
683 2482 835 2547 canonici
869 2482 911 2547 de
950 2484 1152 2549 Bemewelle
1189 2505 1265 2549 cum

157 2606 258 2649 manu
275 2586 351 2650 sorti
368 2586 413 2650 ibi
428 2585 625 2650 accedentes
641 2605 758 2649 omnes
774 2586 877 2668 ipsius
895 2586 986 2651 Luce
998 2588 1266 2652 machinaciones

156 2689 411 2774 impediuerunt.
457 2689 526 2754 Sed
547 2699 582 2753 et
602 2690 787 2754 vicecomes
805 2690 1019 2774 Cantebrigie
1040 2711 1099 2774 per
1120 2691 1264 2755 litteram

157 2795 378 2877 proteccionis
392 2815 495 2877 quam
512 2804 681 2877 receperat
696 2815 716 2857 a
731 2794 870 2859 domino
887 2796 981 2878 Rege
996 2815 1113 2877 omnes
1129 2796 1265 2860 iuuenes

157 2921 242 2983 quos
264 2900 405 2964 vicarius
428 2901 638 2964 conduxerat
660 2899 728 2963 cito
750 2899 887 2983 fugauit.
945 2898 1044 2983 Quod
1070 2900 1188 2963 uidens
1210 2900 1266 2965 ille

158 3004 267 3069 Lucas
289 3005 429 3070 vicarius
452 3024 511 3088 per
533 3006 658 3068 amicos
681 3025 758 3069 suos
782 3004 974 3087 impetrauit
997 3005 1031 3068 in
1052 3005 1143 3068 curia
1163 3006 1265 3089 Regis

156 3109 247 3173 aliud
270 3110 371 3173 breue
390 3110 433 3172 de
454 3110 669 3191 protectione,
685 3118 718 3173 et
734 3129 793 3193 per
809 3108 889 3173 illud
906 3109 1093 3173 exinaniuit
1109 3110 1264 3192 protecti-

156 3234 254 3278 onem
273 3213 401 3278 Prioris.
447 3210 661 3296 Quapropter
676 3214 862 3277 vicecomes
882 3212 1096 3296 Cantebrigie
1116 3214 1264 3279 decimas

157 3319 246 3402 ipsas
271 3318 416 3401 collegit,
438 3327 473 3382 et
495 3318 611 3401 reponi
634 3317 712 3382 iecit
738 3320 833 3401 quasi
865 3318 898 3381 in
928 3318 1039 3401 equali
1071 3338 1171 3383 manu
1201 3330 1263 3385 etc

158 3424 225 3490 Sed
257 3422 351 3487 Prior
379 3421 497 3486 dolens
526 3422 618 3506 quod
649 3423 716 3487 iam
751 3423 886 3487 sublata
922 3433 995 3487 erat
1030 3424 1061 3486 ei
1098 3424 1264 3506 possessio

157 3527 372 3602 decimarum,
394 3526 485 3589 misit
507 3525 704 3589 canonicum
728 3545 826 3588 suum
849 3524 892 3588 ad
920 3525 1043 3589 curiam
1073 3526 1184 3609 Regis,
1206 3528 1263 3609 qui

156 3639 350 3723 impetrauit
378 3648 496 3701 contra
526 3638 635 3719 ipsum
671 3636 798 3700 Lucam
826 3637 926 3700 breue
954 3637 1056 3720 Regis
1080 3648 1113 3701 et
1138 3638 1265 3703 litteras

158 3743 297 3826 Regine,
319 3752 353 3807 et
376 3742 475 3806 datus
497 3752 549 3806 est
571 3741 643 3805 dies
665 3760 777 3805 coram
802 3740 989 3806 Baronibus
1010 3742 1053 3805 de
1081 3740 1263 3807 Scaccario.

157 3845 248 3930 Quid
275 3847 397 3930 plura?
438 3846 561 3911 Coram
593 3846 705 3911 Priore
728 3844 771 3909 de
796 3846 959 3929 Gipwyco
983 3846 1102 3911 iterum
1126 3857 1264 3911 uocatus

158 3952 268 4016 Lucas
283 3961 318 4016 et
333 3951 377 4016 ab
391 3972 433 4015 eo
447 3951 768 4015 excommunicatus.
816 3952 877 4014 Per
890 3950 1013 4015 multos
1025 3950 1097 4015 dies
1112 3972 1264 4035 compar·

157 4066 277 4119 uerunt
300 4064 411 4138 partes
433 4074 545 4119 coram
570 4056 683 4119 Priore
702 4053 745 4118 de
768 4064 885 4118 sancto
908 4054 1045 4118 Albano
1067 4056 1265 4121 auctoritate

157 4158 351 4242 apostolica,
365 4169 400 4222 et
420 4168 497 4241 post
518 4158 641 4223 multas
662 4157 911 4241 disputaciones
932 4158 1137 4243 appellatum
1153 4170 1204 4223 est
1220 4160 1264 4224 ad

157 4263 292 4329 Curiam
311 4264 512 4339 Romanam,
526 4272 561 4327 et
581 4262 653 4326 dies
676 4264 826 4346 partibus
847 4262 1003 4347 prelixus.
1051 4263 1143 4327 Prior
1164 4265 1265 4348 igitur

157 4368 248 4433 misit
268 4386 370 4433 vnum
393 4368 590 4433 canonicum
614 4369 656 4432 ad
680 4368 806 4432 curiam
830 4378 946 4433 contra
967 4367 1111 4433 eundem
1136 4368 1263 4435 Lucam
