3192 5067
475 957 503 1004 2.
554 932 880 1006 MISCELLAN
888 933 972 1007 EA.

334 1198 360 1237 a.
405 1180 465 1237 Isti
481 1187 553 1237 sunt
570 1180 630 1238 dies
650 1181 682 1239 in
702 1181 807 1255 quibus
828 1202 885 1239 non
906 1183 971 1241 licet
989 1186 1112 1260 operari.

229 1302 266 1360 In
287 1300 336 1361 die
357 1303 465 1363 natalis
485 1302 600 1363 domini
621 1314 651 1363 et
673 1303 713 1380 iiij
737 1304 844 1364 diebus
865 1307 1068 1381 sequentibus.

230 1399 266 1457 ln
288 1398 338 1459 die
358 1398 601 1461 circumcisionis.

229 1498 266 1556 ln
287 1497 337 1558 die
357 1495 525 1576 epiphanie.

229 1600 267 1657 In
287 1598 336 1659 die
357 1598 562 1660 conuersionis
583 1601 668 1661 Beati
689 1602 778 1680 pauli.

229 1699 266 1756 In
287 1697 427 1760 omnibus
448 1698 657 1761 lestiuitatibus
678 1702 765 1763 beate
786 1700 914 1779 virginis

228 1795 266 1853 ln
286 1793 336 1856 die
356 1796 497 1859 cathedre
518 1796 613 1858 sancti
634 1799 719 1876 petri.

228 1894 266 1952 In
287 1892 336 1954 die
357 1894 453 1956 sancti
474 1896 600 1958 Mathie.

228 1992 266 2051 ln
286 1991 336 2054 die
358 1995 472 2055 Pasche
493 2006 523 2056 et
543 1997 636 2056 tribus
657 1994 765 2058 diebus
786 1996 990 2075 sequentibus.

227 2091 265 2150 ln
285 2091 336 2154 die
356 2092 560 2155 dedicacionis
580 2093 706 2155 ecclesie
726 2096 766 2155 de
788 2097 979 2157 Bernewelle.

227 2192 265 2250 In
287 2190 336 2253 die
357 2192 453 2253 sancti
475 2191 571 2253 Marci
593 2191 796 2271 Ewangeliste

226 2290 264 2348 In
286 2290 362 2351 sesto
384 2292 589 2368 apostolorum
611 2290 739 2370 philippi
760 2302 791 2352 et
811 2288 926 2369 Jacobi.

227 2389 264 2448 In
285 2399 411 2466 utroque
432 2391 510 2450 festo
532 2400 635 2450 sancte
656 2388 759 2449 cmcis.

226 2488 262 2547 In
284 2486 334 2549 die
354 2489 450 2549 sancti
471 2486 618 2565 Johannis
639 2498 708 2549 ante
729 2500 848 2567 portam
869 2488 1001 2549 latinam.

226 2588 264 2645 In
284 2586 334 2647 die
354 2584 545 2648 ascensionis.

226 2688 263 2746 In
284 2686 335 2747 die
355 2696 545 2763 pentecostes
566 2698 596 2747 et
617 2685 711 2747 tribus
731 2686 841 2747 diebus
862 2685 1063 2763 sequentibus.

226 2788 263 2845 In
285 2783 335 2846 die
356 2786 452 2846 sancti
474 2786 611 2847 Barnabe
632 2786 777 2863 Apostoli.

225 2887 263 2944 In
283 2883 333 2944 die
354 2894 457 2944 sancte
479 2883 661 2954 Etheldnede
682 2882 714 2944 in
736 2894 839 2944 estate.

225 2985 262 3043 In
283 2982 438 3043 natiuitate
459 2980 538 3043 beati
558 2982 707 3059 Johannis
728 2983 865 3060 baptiste.

224 3085 262 3143 ln
282 3083 360 3144 sesto
380 3083 585 3160 apostolorum
607 3080 683 3159 petri
704 3092 734 3142 et
755 3082 844 3159 pauli.

224 3183 261 3241 In
282 3180 332 3241 die
353 3180 559 3242 translacionis
580 3181 660 3242 beati
681 3182 802 3242 Thome
823 3180 965 3258 martyris.

225 3282 262 3341 In
282 3278 332 3342 die
354 3282 442 3341 beate
463 3278 555 3341 marie
576 3280 762 3358 magdalene.

225 3382 262 3441 In
284 3378 334 3440 die
355 3378 451 3439 sancti
470 3379 576 3457 Jacobi
597 3378 733 3457 apostoli.

225 3479 262 3539 ln
281 3477 332 3539 die
353 3476 449 3539 sancti
470 3478 545 3555 petri
566 3478 605 3540 ad
626 3478 753 3538 uincula.

224 3578 262 3637 ln
282 3576 332 3639 die
353 3575 433 3639 beati
455 3574 604 3637 laurencii.

224 3676 260 3734 In
282 3672 332 3735 die
353 3671 434 3735 beati
457 3672 660 3733 Bartholomei
680 3669 818 3749 apostoli.

224 3773 262 3833 ln
281 3770 332 3833 die
352 3770 566 3834 decollacionis
588 3770 683 3831 sancti
703 3770 852 3848 Johannis
874 3771 1016 3849 Baptiste.

224 3871 262 3930 In
283 3869 332 3931 die
352 3868 434 3931 beati
456 3869 562 3947 Egidii.
607 3869 644 3929 In
665 3867 716 3929 die
736 3867 818 3930 beati
840 3868 964 3929 Mathei.

224 3970 262 4029 In
282 3966 333 4030 die
353 3967 434 4031 beati
456 3966 621 4028 Michaelis.
665 3968 703 4027 In
725 3966 775 4028 die
796 3966 878 4027 beati
899 3969 981 4029 Luce
1003 3968 1202 4047 Euangeliste.

224 4068 262 4126 In
284 4068 334 4128 die
354 4068 558 4144 apostolorum
579 4063 719 4144 Symonis
740 4078 770 4127 et
790 4066 878 4142 Jude

224 4166 261 4224 In
283 4162 333 4227 die
354 4164 489 4227 omnium
510 4175 689 4227 sanctorum.
734 4166 771 4225 ln
792 4163 843 4226 die
864 4162 959 4227 sancti
981 4164 1113 4228 Martini.

224 4263 261 4323 In
282 4260 332 4323 die
353 4260 449 4324 sancti
470 4264 599 4325 Andree.

224 4360 261 4421 ln
282 4359 331 4423 die
353 4361 449 4423 sancti
470 4360 617 4423 Nicholai.
662 4361 700 4421 ln
720 4360 770 4423 die
791 4361 887 4424 sancti
908 4361 1027 4423 Thome
1047 4365 1184 4439 apostoli.
