3192 5067
167 1592 184 1640 f.
200 1593 245 1644 160

169 1715 218 1758 ¹²0⁵

733 1173 905 1248 LIBER
941 1171 1034 1248 VII.

737 1387 1025 1443 cnurrnmom

398 1568 451 1632 De
475 1569 667 1646 redditibus,
688 1570 890 1649 tenentibus,
911 1569 1044 1636 villanis
1066 1581 1101 1636 et
1122 1591 1238 1635 eorum
1261 1584 1456 1638 consuetu·

330 1686 463 1753 dinibus
486 1691 729 1774 pertinentibus
752 1692 795 1755 ad
819 1691 994 1756 ecclesiam
1017 1692 1061 1755 de
1084 1690 1295 1756 Bemewelie

395 1851 491 1918 Sicut
513 1853 592 1918 luna
613 1856 730 1919 crescit
752 1875 885 1940 semper
908 1855 961 1921 uel
983 1855 1154 1933 decrescit,
1176 1863 1211 1919 et
1232 1855 1323 1919 sicut
1350 1879 1451 1922 mare

329 1956 486 2021 continue
507 1955 581 2023 fluit
601 1967 634 2022 et
656 1958 773 2034 refluit,
793 1970 837 2035 et,
852 1981 912 2043 per
926 1959 1022 2024 vnius
1037 1960 1104 2024 diei
1126 1958 1178 2024 uel
1194 1960 1303 2024 noctis
1319 1960 1447 2026 horam

329 2059 493 2144 integram
506 2061 674 2145 quiescere
689 2063 804 2138 nescit,
816 2063 862 2126 sic
878 2064 1031 2127 homines
1047 2065 1117 2128 nati
1130 2063 1172 2128 de
1189 2063 1327 2128 muliere
1345 2065 1447 2129 breui

329 2164 480 2229 uiuentes
495 2174 646 2249 tempore
658 2166 742 2230 sicut
759 2167 876 2231 umbra
889 2177 1090 2251 pretereunt,
1103 2177 1138 2233 et
1153 2167 1209 2251 alij
1226 2168 1302 2233 ioco
1316 2190 1443 2234 eorum
1554 2241 1556 2258 Ι

327 2269 517 2334 succedunt

393 2373 483 2458 Quia
503 2374 603 2457 igitur
624 2373 716 2438 Prior
736 2375 780 2438 de
802 2375 1004 2439 Bernewesse
1022 2374 1125 2439 habet
1144 2376 1310 2459 quosdam
1332 2375 1442 2440 libere

327 2486 489 2554 tenentes,
511 2488 547 2543 et
572 2480 735 2561 quosdam
764 2479 916 2555 villanos,
941 2480 998 2562 qui
1025 2480 1055 2543 ei
1082 2479 1207 2543 debent
1233 2479 1374 2543 seruicia
1402 2492 1441 2546 et
1554 2566 1555 2569 Ἴ

327 2581 592 2656 consuetudines
608 2582 687 2644 vtile
705 2583 839 2646 videtur
859 2584 892 2647 in
909 2582 971 2646 hoc
988 2583 1100 2647 libello
1119 2584 1261 2647 scribere
1281 2585 1437 2648 omnium

327 2687 516 2750 tenencium
550 2707 685 2750 suorum
722 2687 868 2763 nomina,
898 2686 1058 2765 redditus,
1087 2698 1188 2771 atque
1221 2688 1370 2763 seruicia,
1400 2699 1438 2752 et

326 2790 421 2854 villas
443 2789 476 2852 in
497 2790 619 2873 quibus
641 2799 795 2855 tenentes
811 2792 975 2869 habitant,
991 2801 1026 2855 et
1046 2801 1150 2856 terras
1171 2812 1285 2856 eorum
1306 2801 1341 2856 et
1359 2791 1437 2855 loca
1554 2792 1556 2801 '

326 2893 382 2957 ubi
409 2894 562 2977 distringi
586 2903 726 2976 possunt
750 2895 933 2958 secundum
956 2894 1049 2979 quod
1072 2905 1225 2979 tempore
1247 2896 1311 2959 isto
1332 2917 1437 2978 super

325 2998 390 3081 hijs
421 2997 489 3061 fieri
517 3008 629 3081 potest
655 2999 830 3075 certitudo,
855 2999 992 3074 scilicet,
1017 3020 1107 3063 anno
1132 2999 1261 3064 domini
1287 3005 1341 3062 m⁰.
1372 3006 1434 3062 cc⁰.

326 3103 544 3186 nonagesimo
573 3104 700 3186 quinto,
726 3104 894 3168 Prioratus
920 3125 1000 3168 uero
1028 3104 1181 3188 Magistri
1205 3102 1364 3187 Symonis
1386 3103 1433 3167 de

327 3206 474 3272 Ascellis
496 3213 604 3271 .xxx⁰.
627 3207 746 3290 prim0.

391 3360 560 3425 Redditus
580 3361 702 3424 Prioris
717 3361 760 3425 de
777 3361 982 3426 Bemewelie
997 3362 1032 3427 in
1048 3362 1128 3427 villa
1143 3363 1187 3426 de
1205 3361 1434 3444 cantebrigia.

711 3642 734 3688 1.
785 3623 885 3689 Ultra
899 3633 1042 3708 pontem.

390 3783 556 3849 Ricardus
577 3780 758 3846 Brenhand
774 3783 817 3845 de
840 3780 965 3844 Howes
985 3787 1081 3845 tenet
1095 3799 1199 3843 vnum
1219 3778 1429 3863 mesuagium

323 3899 357 3954 et
372 3909 472 3952 vnam
490 3885 631 3951 crostam
648 3884 691 3948 ad
708 3883 817 3966 capud
834 3882 878 3947 de
896 3883 1021 3947 Howes
1032 3903 1147 3946 versus
1164 3880 1430 3966 Cantebrigiam‚

323 4005 356 4059 et
372 3993 484 4060 reddit
498 4013 558 4077 per
573 4008 699 4055 annum
716 3987 795 4071 iiis.
812 3987 894 4069 uid

389 4098 541 4163 Heredes
558 4093 699 4159 Walteri
725 4092 755 4157 ie
771 4091 968 4157 Parmenter
989 4092 1031 4155 de
1054 4092 1173 4156 eadem
1193 4101 1311 4156 tenent
1325 4113 1429 4157 vnam

321 4225 432 4270 acram
455 4212 489 4266 et
512 4213 579 4266 tres
595 4199 694 4264 rodas
717 4208 812 4275 terre,
827 4206 862 4261 et
885 4197 1030 4260 reddunt
1053 4195 1142 4277 iiis,
1160 4197 1250 4260 vnde
1270 4195 1323 4280 iij.
1346 4199 1429 4262 rode

321 4316 432 4378 iacent
447 4328 514 4372 non
531 4306 631 4390 longe
648 4327 668 4370 a
686 4305 854 4369 conductu
872 4303 1025 4367 Fratrum
1044 4303 1215 4367 Minorum
1237 4303 1271 4366 in
1287 4303 1428 4386 longum
