3192 5067
338 357 356 406 2
363 355 410 428 50
656 332 855 406 Hundrcd
872 332 924 430 os
946 332 984 405 Τ
980 333 1114 429 repleto
1322 329 1445 430 [Boos
1579 336 1582 387 ὲ

334 517 434 582 feodo
451 518 598 600 Elyensi,
617 528 651 586 et
666 517 768 583 debet
789 518 818 600 .j.
835 527 971 594 sectam
985 528 1020 583 et
1035 517 1079 582 de
1092 517 1222 582 auxilio
1236 518 1446 583 vicecomitis

336 620 445 685 nichil.
489 620 661 702 Johannes
684 623 715 687 le
733 623 861 706 Moyne
880 622 983 688 debet
1004 623 1034 705 .j.
1050 633 1176 688 sectam
1197 643 1259 705 pro
1280 624 1445 706 episcopo

336 723 472 807 Elyensi
488 735 523 788 et
538 725 580 789 de
595 725 723 790 auxilio
738 727 943 792 vicecomitis
964 726 1074 790 nichil.
1120 727 1251 791 Ibidem
1271 727 1445 810 johannes

334 827 421 890 filius
446 827 609 893 Nicholae
632 829 662 894 le
683 830 811 914 Moyne
830 841 923 897 tenet
937 830 980 912 ij.
995 829 1093 894 hidas
1107 840 1194 896 terre
1215 839 1250 894 et
1264 830 1443 896 dimidiam

335 953 393 1015 per
415 933 609 998 serianciam
631 933 674 999 de
694 935 833 1000 domino
855 935 951 1019 Rege
965 945 1000 1000 et
1015 955 1082 999 non
1102 944 1181 1000 sunt
1199 935 1394 1018 geldabiles‚
1408 946 1445 1000 et

335 1057 401 1101 non
418 1037 520 1101 debet
534 1039 698 1104 auxilium
717 1039 950 1124 [vicecomitis]
964 1061 1073 1122 neque
1088 1051 1223 1106 sectam.

405 1140 435 1204 T
433 1141 600 1223 nppelowe
614 1142 801 1228 [Triplow].
846 1143 1029 1209 Nicholaus
1043 1143 1088 1209 de
1104 1145 1288 1228 Barington
1304 1155 1397 1210 tenet
1411 1145 1443 1227 .j.

334 1245 448 1310 hidam
465 1254 551 1311 terre
565 1246 608 1312 de
628 1249 728 1313 feodo
749 1248 792 1313 de
814 1248 1000 1314 Mandeuill
1020 1249 1232 1333 geldabilem‚
1247 1262 1282 1315 et
1296 1250 1399 1315 debet
1413 1253 1445 1314 .i.

335 1361 470 1428 sectam,
485 1362 518 1416 et
541 1354 584 1417 de
606 1354 735 1418 auxilio
757 1356 962 1419 vicecomitis
985 1354 1094 1419 nichil.
1142 1355 1271 1420 Ibidem
1292 1355 1445 1420 Thomas

335 1457 421 1522 lilius
447 1458 584 1522 Henrici
608 1458 709 1524 debet
736 1459 764 1543 .j.
792 1470 930 1538 sectam,
955 1459 1057 1524 etde
1084 1460 1212 1524 auxilio
1238 1461 1445 1524 vicecomitis

335 1563 445 1640 nichil,
456 1573 489 1627 et
500 1574 577 1628 sunt
588 1564 712 1630 ibidem
723 1565 785 1647 vij.
796 1565 1077 1649 hidegeldabiles.
1103 1564 1445 1648 lbidemssohannes]

335 1667 378 1730 de
394 1667 550 1733 Scalariis
565 1668 666 1734 debet
681 1669 710 1752 .j.
726 1679 863 1746 sectam,
878 1671 971 1734 etde
986 1669 1114 1732 auxilio
1129 1668 1238 1732 nichil.

400 1774 551 1839 Fulmere
579 1775 785 1860 [Foulmire].
832 1776 1022 1840 Willelmus
1049 1775 1135 1840 filius
1164 1775 1324 1840 Richardi
1350 1785 1448 1840 tenet

335 1876 470 1942 feodum
487 1879 616 1944 dimidii
633 1880 750 1944 militis
765 1882 808 1944 de
827 1880 966 1944 baronia
982 1880 1118 1944 Ricardi
1138 1878 1181 1943 de
1198 1879 1393 1954 Munfichet‚
1409 1889 1447 1944 ct

336 1981 459 2046 ibidem
476 1981 576 2046 debet
592 1983 621 2066 .j.
637 1996 761 2049 sectam
778 2005 880 2067 quam
895 1983 1053 2047 Warinus
1068 1981 1155 2047 filius
1171 1983 1293 2066 Sweyn
1310 1981 1399 2058 facit,
1411 1992 1447 2047 et

334 2087 377 2150 de
393 2085 520 2151 auxilio
535 2087 741 2152 vicecomitis
757 2109 851 2154 ,xxc
867 2109 927 2172 per
941 2108 1075 2152 annum.

400 2191 522 2256 Foxton
537 2190 582 2275 [F
582 2192 713 2276 oxton}
761 2193 944 2258 Abbatissa
959 2192 1003 2257 de
1015 2193 1169 2266 Chateriz
1184 2192 1287 2258 debet
1301 2214 1362 2277 pro
1377 2190 1448 2275 iiij.

336 2306 430 2380 parte
445 2297 473 2360 .i.
486 2297 601 2360 militis
617 2319 690 2374 .vs.,
704 2307 739 2360 et
754 2297 783 2381 .j.
799 2297 1004 2381 quarterium
1020 2297 1177 2362 immenti
1191 2319 1254 2382 pro
1269 2308 1361 2362 secta
1374 2319 1448 2362 sua.

338 2401 467 2465 Ibidem
484 2400 653 2466 Gallridus
669 2401 712 2467 de
729 2403 849 2467 Bancis
865 2413 958 2468 tenet
973 2402 1001 2486 ,3.
1018 2402 1132 2468 hidam
1149 2413 1235 2468 terre
1256 2403 1299 2468 de
1318 2402 1447 2467 honore

338 2506 560 2571 Richmondie
589 2517 623 2572 et
650 2529 717 2572 non
745 2517 796 2572 est
822 2507 1008 2592 geldabilis,
1035 2518 1069 2572 et
1096 2530 1163 2574 non
1189 2507 1290 2573 debet
1316 2517 1446 2572 sectam

337 2633 443 2696 neque
466 2611 632 2677 auxilium
649 2612 863 2678 vicecomitis.

401 2715 572 2782 Herleston
588 2717 779 2801 [Harston].
825 2717 996 2801 Johannes
1012 2719 1055 2783 de
1072 2718 1184 2800 Burgo
1199 2724 1292 2780 tenet
1308 2715 1445 2780 feodum

337 2822 367 2906 .j.
399 2821 513 2886 militis
543 2822 585 2886 de
616 2821 715 2887 feodo
745 2823 894 2907 episcopi
926 2821 1093 2906 Elyensis,
1123 2831 1157 2886 et
1187 2820 1312 2884 nullam
1343 2819 1447 2884 debet

338 2935 472 3002 sectam,
488 2946 596 3008 neque
612 2923 776 2988 auxilium
794 2925 1008 2990 vicecomitis.
1055 2923 1184 2988 Ibidem
1209 2921 1380 2987 Galsridus
1403 2923 1445 2987 de

339 3028 493 3094 Scalariis
520 3039 611 3092 tenet
640 3028 774 3094 feodum
802 3028 932 3093 dimidii
960 3029 1076 3093 militis
1102 3027 1144 3092 de
1171 3027 1270 3090 feodo
1298 3026 1446 3102 Peuerel,

338 3144 372 3198 et
395 3133 497 3199 debet
524 3132 553 3218 .j.
577 3143 712 3211 sectam,
739 3145 773 3198 et
799 3135 842 3200 de
864 3133 993 3198 auxilio
1019 3133 1222 3198 vicecomitis
1245 3131 1346 3196 soluit
1368 3153 1443 3196 cum

339 3239 438 3304 feodo
453 3239 640 3322 Gernegan.
688 3239 818 3304 Ibidem
835 3250 928 3305 tenet
943 3239 1072 3304 Walter
1088 3238 1243 3306 Clement
1264 3237 1399 3301 feodum
1416 3237 1445 3320 .j.

340 3342 454 3407 militis
474 3341 516 3407 de
539 3343 638 3407 feodo
660 3343 808 3428 Elyensi‚
828 3355 862 3409 et
884 3344 985 3409 debet
1001 3343 1030 3427 .j.
1045 3353 1181 3419 sectam,
1201 3341 1296 3406 etde
1317 3342 1445 3406 auxilio

339 3445 542 3510 vicecomitis
580 3446 645 3529 ijs.
703 3447 834 3513 Ibidem
872 3448 915 3513 de
954 3447 1052 3511 feodo
1090 3445 1268 3530 Gernagan
1305 3442 1373 3526 ,ijs
1403 3447 1446 3510 de

339 3544 467 3610 auxilio
490 3544 693 3609 vicecomitis
718 3567 779 3629 per
804 3567 939 3624 annum,
963 3557 997 3611 et
1021 3544 1146 3610 ibidem
1169 3554 1248 3609 sunt
1269 3543 1344 3626 viij.
1368 3543 1446 3609 hide

339 3659 425 3714 terre
440 3647 631 3732 geldabiles.
1347 3700 1350 3706 ,

406 3753 597 3818 Haukeston
621 3753 828 3839 [Hauxton].
875 3755 971 3821 Serlo
995 3758 1038 3821 de
1068 3753 1267 3820 Haukeston
1292 3755 1394 3819 debet
1418 3757 1448 3819 .i.

341 3869 476 3934 sectam,
491 3866 526 3922 et
540 3856 583 3921 de
599 3857 725 3922 auxilio
741 3860 945 3925 vicecomitis
961 3859 1061 3924 nichil
1083 3870 1116 3925 et
1137 3861 1225 3925 idem
1243 3858 1337 3925 Serlo
1352 3868 1448 3925 tenet

341 3960 384 4025 de
400 3960 558 4042 episcopo
575 3960 722 4043 Elyensi.
