3192 5067
154 328 216 429 111]
471 329 574 403 Mill
594 330 758 431 ofsolrn
787 330 820 403 le
852 330 934 404 Rus
1190 335 1255 403 161
1283 415 1287 423 ‚

151 518 378 603 mingendum,
389 528 423 584 et
439 520 481 583 ad
498 518 678 583 leuandum
694 518 862 583 redditum
879 519 1065 602 predictum
1082 520 1125 583 de
1140 518 1259 582 eodem

154 622 347 688 molendino
374 624 535 707 quamdiu
562 621 736 700 sufficeret,
759 632 802 699 et,
826 622 854 685 si
881 643 947 686 non
972 621 1146 701 sufficeret,
1169 622 1259 706 quod

155 726 247 790 Prior
267 734 381 809 posset
401 726 599 810 distringere
620 747 696 790 eum
713 748 772 810 per
787 726 901 789 omnia
916 736 1108 790 tenementa
1123 747 1183 789 sua
1199 736 1260 791 etc.

155 830 201 895 Et
226 832 254 894 si
281 828 395 893 dolum
419 829 543 895 faceret
565 830 619 894 uel
643 830 920 912 impedimentum
945 850 1012 913 quo
1036 830 1129 893 Prior
1151 830 1260 893 minus

155 944 268 1017 posset
300 944 361 998 etc.
391 956 436 998 ex
464 945 544 998 tunc
571 935 727 999 retineret
756 934 848 998 Prior
874 934 1001 998 dictum
1030 935 1258 998 molendinum

154 1049 315 1123 tanquam
340 1037 475 1103 seodum
498 1048 533 1103 et
554 1038 759 1103 dominicum
784 1059 881 1102 suum
905 1040 1138 1122 inperpetuum
1162 1050 1222 1104 etc.

221 1143 389 1208 Defuncto
410 1145 564 1227 Johanne
584 1146 743 1210 successit
758 1145 788 1209 ei
807 1145 910 1228 Hugo
926 1144 957 1209 le
974 1146 1046 1209 Rus
1062 1166 1166 1227 nepos
1181 1146 1260 1210 eius.
1275 1147 1412 1240 {effluffig

155 1251 201 1314 Et
217 1250 335 1314 uidens
352 1249 579 1315 molendinum
596 1252 766 1314 ruinosum
782 1260 817 1314 et
834 1271 957 1333 magno
973 1249 1116 1313 redditui
1133 1250 1259 1334 obliga·
1274 1248 1416 1342 &agg-the

153 1364 236 1432 tum,
262 1356 445 1420 eradicauit
474 1365 584 1420 totum
615 1365 649 1419 et
679 1355 864 1437 asportauit
895 1376 970 1417 cum
1002 1353 1100 1417 molis
1127 1364 1160 1417 et
1188 1364 1261 1417 rota
1275 1349 1380 1443 ffiffi„

154 1481 259 1543 usque
294 1461 336 1524 ad
373 1460 558 1545 hospicium
590 1461 716 1524 domini
752 1459 917 1524 Guidonis
953 1459 1088 1524 rectoris
1123 1459 1261 1523 ecclesie
1274 1448 1426 1542 ffi²2⁸332ss¹2¹²

154 1565 196 1627 de
218 1564 438 1648 Kingestone,
458 1575 492 1629 et
513 1586 557 1628 ex
579 1586 620 1629 eo
640 1575 791 1648 tempore
812 1564 958 1646 perdidit
980 1565 1071 1628 Prior
1091 1563 1258 1628 redditum
1274 1550 1373 1642 {ffifss'

154 1689 259 1733 suum.
308 1671 409 1735 Vnde
439 1670 472 1734 in
503 1671 620 1735 itinere
647 1670 905 1753 justiciariorum
938 1669 1129 1753 impetrauit
1159 1671 1261 1734 breue

154 1793 241 1837 noue
263 1774 437 1839 disseisine
459 1797 560 1859 super
581 1786 664 1853 etc.;¹
690 1785 723 1839 et
746 1784 797 1839 est
820 1774 1018 1839 inrotulacio
1041 1774 1125 1839 talis.

544 1914 593 1978 86.
638 1914 859 1978 lurotulacrur

207 2032 307 2087 Assisa
319 2034 397 2089 uenit
409 2034 586 2103 recognitura
598 2035 622 2089 si
637 2035 723 2105 Hugo
736 2035 762 2089 le
777 2036 837 2088 Rus
850 2045 878 2089 et
891 2034 995 2102 Guydo
1007 2034 1043 2089 de
1058 2035 1171 2089 Mortuo
1186 2034 1260 2088 Mari
1275 2026 1429 2121 32:22&

155 2118 257 2175 iniuste
272 2132 325 2176 etc.
339 2122 552 2178 disseisiuerunt
571 2122 695 2177 Priorem
713 2123 749 2177 de
766 2123 937 2177 Remewelle
949 2123 985 2177 de
998 2121 1086 2177 libero
1099 2132 1261 2177 tenemento
1275 2130 1347 2171 novet
1357 2128 1408 2170 dla-

155 2226 206 2263 suo
225 2210 254 2263 in
274 2210 455 2280 cantebrigia
474 2222 538 2282 post
556 2212 677 2283 primam
695 2222 748 2267 etc.
766 2223 794 2267 et
811 2212 886 2266 vnde
903 2212 1027 2282 queritur
1044 2212 1120 2281 quod
1138 2210 1260 2266 disseisi·
1274 2178 1399 2272 aiiii?

156 2308 256 2353 uerunt
268 2314 333 2352 eum
346 2299 382 2353 de
394 2299 502 2353 .xxviii.
516 2299 614 2355 solidis
627 2310 654 2354 et
664 2300 716 2354 αἱ.
727 2298 851 2371 denan'js
865 2300 989 2354 redditus
1002 2316 1066 2354 curn
1080 2299 1261 2370 pertinencijs
1275 2279 1412 2373 ἒξῇξξζζ

155 2386 202 2457 qui
228 2388 375 2455 prouenire
399 2388 529 2443 solebant
553 2389 589 2443 de
613 2389 738 2459 quodam
762 2388 926 2443 molendino
950 2388 987 2442 ad
1012 2404 1100 2458 equos
1124 2396 1177 2442 etc.
1223 2388 1261 2442 Et
1274 2380 1408 2473 ggffiffl

155 2472 298 2543 predictus
321 2476 407 2544 Hugo
429 2491 485 2528 non
507 2475 593 2544 uenit,
612 2477 663 2531 sed
683 2475 825 2546 predictus
846 2475 941 2531 Guido
960 2474 1046 2543 uenit,
1067 2485 1094 2529 et
1116 2476 1260 2545 respondit
1274 2492 1368 2533 verens·

155 2578 206 2631 pro
226 2574 303 2617 sect
321 2579 372 2632 pro
391 2564 517 2634 predicto
537 2566 660 2633 Hugone
679 2574 815 2635 tanquam
832 2563 893 2619 eius
910 2564 1031 2619 balliuus
1052 2575 1080 2619 et
1098 2562 1260 2634 dicitquod

155 2650 209 2721 ipsi
227 2651 334 2706 nullam
352 2652 484 2707 iniuriam
502 2650 563 2725 [aut
581 2649 774 2724 disseisinam]
792 2653 924 2707 iecerunt.
978 2650 1072 2707 Dicit²
1089 2652 1165 2706 enim
1184 2650 1261 2722 quod

156 2740 232 2795 idem
250 2740 327 2795 Prior
346 2741 375 2795 in
393 2741 586 2797 districtione³
603 2738 757 2813 [iacienda]
773 2740 848 2810 cepit
864 2740 957 2795 hostia
973 2740 1090 2809 predicti
1105 2739 1261 2795 molendini

155 2838 183 2883 et
195 2826 290 2900 [alia]⁴
301 2831 466 2899 asportauit‚
474 2841 502 2886 et
512 2831 581 2885 illud
591 2828 785 2884 molendinum
795 2838 923 2900 apertum
934 2840 962 2883 et
972 2828 1032 2883 sine
1046 2828 1174 2883 custodia
1187 2838 1261 2883 stare

156 2918 290 2988 permisit,
300 2935 350 2989 per
358 2920 434 2990 quod
444 2920 560 2991 quidam
568 2918 661 2975 clerici
672 2916 864 2973 vniuersitatis
874 2916 1055 2985 Cantebrigie
1068 2917 1261 2972 molendinum

156 3006 315 3076 predictum
339 3017 368 3061 et
388 3007 555 3062 meremium
575 3014 788 3077 prostrauerunt
808 3014 836 3059 et
855 3014 1078 3075 asportauerunt‚
1100 3004 1173 3059 vnde
1193 3004 1262 3060 dicit

157 3092 235 3161 quod
262 3109 313 3163 per
340 3093 434 3163 ipsum
460 3092 585 3148 Priorem
610 3093 687 3148 stetit
710 3092 787 3164 quod
812 3092 969 3161 predictum
993 3091 1187 3146 molendinum
1211 3092 1263 3147 ruit

156 3180 303 3234 ruinosum
326 3189 356 3233 et
379 3196 437 3233 non
460 3196 509 3249 per
530 3179 616 3250 ipsos.
654 3180 692 3235 Et
716 3189 844 3250 preterea
867 3178 937 3232 dicit
958 3177 1034 3249 quod
1058 3178 1137 3234 Prior
1161 3180 1263 3234 iniuste

158 3268 220 3321 tulit
244 3284 373 3337 assysam
397 3269 490 3336 istam,
510 3269 578 3340 quia
601 3269 671 3324 dicit
695 3269 770 3339 quod
793 3267 926 3323 vndecim
950 3284 1014 3321 acre
1040 3278 1110 3322 terre
1135 3266 1264 3322 atrabilis

158 3357 284 3411 iacentes
297 3357 326 3410 in
339 3356 447 3426 campis
461 3356 640 3427 Cantebrigie
653 3368 783 3416 tenentur
795 3368 823 3412 et
836 3356 997 3425 obligantur
1010 3355 1046 3410 ad
1058 3354 1264 3411 districtionem

158 3444 247 3516 ipsius
272 3445 377 3500 Prioris
400 3463 452 3517 pro
476 3445 604 3517 predicto
628 3444 747 3514 redditu,
770 3446 793 3501 si
819 3463 837 3499 a
861 3454 936 3500 retro
960 3443 1049 3498 suerit.
1088 3445 1126 3499 Et
1150 3445 1186 3499 de
1210 3444 1264 3497 hoc

159 3533 254 3603 ponit⁶
272 3552 304 3589 se
322 3552 406 3604 super
425 3550 553 3602 assysam
572 3543 623 3587 etc.

399 3660 449 3737 87.
488 3658 663 3742 Juratorcs
684 3657 722 3720 du
745 3656 884 3739 Hugone
905 3654 934 3717 le
955 3655 1037 3717 Rus.
1280 3661 1297 3710 t.
1311 3659 1343 3713 60

212 3788 356 3858 Juratores
373 3786 471 3841 dicunt
487 3802 572 3855 super
584 3794 792 3840 sacramentum
806 3800 887 3839 suurn
900 3783 977 3854 quod
989 3782 1147 3854 predictum
1160 3783 1265 3837 molen·
1280 3737 1415 3832 d‘v‘ddffiin

160 3875 258 3928 dinum
280 3884 309 3928 et
330 3872 459 3928 similiter
479 3872 605 3944 predicte
623 3871 754 3927 vndecim
776 3889 841 3927 acre
864 3882 936 3926 terre
956 3872 1080 3941 obligata
1101 3870 1211 3926 fuerunt
1230 3870 1267 3925 ad
1280 3838 1411 3882 ‘mm’

159 3961 365 4017 districtionem
384 3959 502 4031 predicti
523 3962 626 4015 Prioris
644 3972 672 4015 et
691 3960 809 4015 ecclesie
828 3975 878 4013 sue
897 3959 932 4013 de
952 3959 1122 4014 Bemewelle
1139 3976 1190 4030 pro
1207 3976 1267 4029 pre-

159 4050 237 4105 dicto
252 4046 409 4120 [redditult
447 4050 485 4103 Et
501 4050 599 4105 dicunt
611 4049 688 4120 quod
706 4049 964 4119 quocienscumque
983 4048 1125 4118 predictus
1142 4048 1268 4103 redditus

160 4156 178 4193 a
194 4148 269 4193 retro
285 4136 345 4206 suit,
357 4138 500 4193 distrinxit
516 4139 593 4193 idem
612 4138 691 4193 Prior
707 4138 736 4192 in
753 4136 880 4209 predicto
896 4136 1068 4203 molendino,
1082 4145 1111 4191 et
1123 4152 1269 4207 nunquam

210 4248 324 4301 ¹Assire
341 4250 475 4309 R011.N0.
493 4252 655 4312 seme-br.
671 4268 710 4311 rr,
727 4251 804 4300 dorso.
846 4249 1135 4316 TrinityTerm‚1286.
1176 4250 1269 4299 Words

158 4334 224 4385 from
235 4334 278 4384 the
291 4332 350 4383 Roll
362 4334 426 4384 bure
438 4334 503 4384 been
515 4333 632 4383 included
644 4333 670 4383 iu
681 4349 770 4398 square
781 4333 906 4383 brackets.

207 4416 218 4445 ¹
234 4416 329 4477 dicunt,
344 4416 411 4478 MS„
423 4416 483 4470 herc
494 4417 546 4468 arrd
557 4417 647 4467 below.
748 4414 759 4447 ⁸
775 4416 841 4469 iacta
852 4432 898 4485 pro
910 4417 1024 4485 predicto
1035 4418 1143 4477 redditu,
1157 4420 1216 4470 MS.

207 4498 219 4531 ⁴
234 4500 286 4559 illa.
300 4502 359 4555 MS.
556 4499 567 4532 ⁸
583 4508 689 4569 porrum,
703 4501 761 4553 MS.
950 4499 962 4537 θ
977 4502 1132 4563 molendino,
1147 4502 1203 4552 MS.

242 4602 269 4647 0
1164 4606 1197 4647 11
