<?xml version="1.0" encoding="UTF-8"?>
<!DOCTYPE html PUBLIC "-//W3C//DTD XHTML 1.0 Transitional//EN"
    "http://www.w3.org/TR/xhtml1/DTD/xhtml1-transitional.dtd">
<html xmlns="http://www.w3.org/1999/xhtml" xml:lang="en" lang="en">
 <head>
  <title>
</title>
<meta http-equiv="Content-Type" content="text/html;charset=utf-8" />
  <meta name='ocr-system' content='tesseract 3.04.00' />
  <meta name='ocr-capabilities' content='ocr_page ocr_carea ocr_par ocr_line ocrx_word'/>
</head>
<body>
  <div class='ocr_page' id='page_1' title='image "./libermemorandor01clargoog/libermemorandor01clargoog_0195.png"; bbox 0 0 3192 5067; ppageno 0'>
   <div class='ocr_carea' id='block_1_1' title="bbox 164 332 1266 440">
    <p class='ocr_par' dir='ltr' id='par_1_1' title="bbox 164 332 1266 440">
     <span class='ocr_line' id='line_1_1' title="bbox 164 332 1266 440; baseline 0.01 -34"><span class='ocrx_word' id='word_1_1' title='bbox 164 332 227 432; x_wconf 91' lang='lat'><em>111]</em></span> <span class='ocrx_word' id='word_1_2' title='bbox 412 337 658 437; x_wconf 77' lang='lat' dir='ltr'><strong>Rou&#39;gnation</strong></span> <span class='ocrx_word' id='word_1_3' title='bbox 683 340 732 437; x_wconf 86' lang='lat' dir='ltr'><strong>os</strong></span> <span class='ocrx_word' id='word_1_4' title='bbox 747 340 871 415; x_wconf 79' lang='lat' dir='ltr'><strong>Prior</strong></span> <span class='ocrx_word' id='word_1_5' title='bbox 886 340 1008 440; x_wconf 91' lang='lat' dir='ltr'><strong>Jolan</strong></span> <span class='ocrx_word' id='word_1_6' title='bbox 1200 356 1266 429; x_wconf 87' lang='lat'><strong>127</strong></span> 
     </span>
    </p>
   </div>
   <div class='ocr_carea' id='block_1_2' title="bbox 160 520 1429 3735">
    <p class='ocr_par' dir='ltr' id='par_1_2' title="bbox 163 520 1429 3005">
     <span class='ocr_line' id='line_1_2' title="bbox 163 520 1272 609; baseline 0.003 -27"><span class='ocrx_word' id='word_1_7' title='bbox 163 539 241 583; x_wconf 88' lang='lat' dir='ltr'><strong>nem</strong></span> <span class='ocrx_word' id='word_1_8' title='bbox 263 520 386 588; x_wconf 87' lang='lat' dir='ltr'><strong>factam</strong></span> <span class='ocrx_word' id='word_1_9' title='bbox 407 523 497 606; x_wconf 90' lang='lat' dir='ltr'><strong>apud</strong></span> <span class='ocrx_word' id='word_1_10' title='bbox 515 524 727 608; x_wconf 85' lang='lat' dir='ltr'><strong>Wygenhale</strong></span> <span class='ocrx_word' id='word_1_11' title='bbox 747 527 790 590; x_wconf 88' lang='lat' dir='ltr'><strong>de</strong></span> <span class='ocrx_word' id='word_1_12' title='bbox 807 547 874 609; x_wconf 89' lang='lat' dir='ltr'><strong>qua</strong></span> <span class='ocrx_word' id='word_1_13' title='bbox 888 526 1040 609; x_wconf 91' lang='lat' dir='ltr'><strong>superius</strong></span> <span class='ocrx_word' id='word_1_14' title='bbox 1055 523 1182 589; x_wconf 91' lang='lat' dir='ltr'><strong>dictum</strong></span> <span class='ocrx_word' id='word_1_15' title='bbox 1197 526 1272 586; x_wconf 89' lang='lat' dir='ltr'><strong>est¹.</strong></span> 
     </span>
     <span class='ocr_line' id='line_1_3' title="bbox 164 623 1272 712; baseline 0.002 -25"><span class='ocrx_word' id='word_1_16' title='bbox 164 623 316 709; x_wconf 89' lang='lat' dir='ltr'><strong>Precepit</strong></span> <span class='ocrx_word' id='word_1_17' title='bbox 336 627 437 710; x_wconf 83' lang='lat' dir='ltr'><strong>igitur</strong></span> <span class='ocrx_word' id='word_1_18' title='bbox 458 629 552 693; x_wconf 83' lang='lat' dir='ltr'>Prior</span> <span class='ocrx_word' id='word_1_19' title='bbox 568 630 729 711; x_wconf 85' lang='lat' dir='ltr'><strong>magistro</strong></span> <span class='ocrx_word' id='word_1_20' title='bbox 749 629 891 712; x_wconf 92' lang='lat' dir='ltr'><strong>Symoni</strong></span> <span class='ocrx_word' id='word_1_21' title='bbox 908 629 951 693; x_wconf 94' lang='lat' dir='ltr'><strong>de</strong></span> <span class='ocrx_word' id='word_1_22' title='bbox 966 628 1112 705; x_wconf 88' lang='lat' dir='ltr'><strong>Ascelle,</strong></span> <span class='ocrx_word' id='word_1_23' title='bbox 1127 628 1184 711; x_wconf 92' lang='lat' dir='ltr'><strong>qui</strong></span> <span class='ocrx_word' id='word_1_24' title='bbox 1200 634 1272 689; x_wconf 88' lang='lat' dir='ltr'><strong>erat</strong></span> 
     </span>
     <span class='ocr_line' id='line_1_4' title="bbox 164 729 1272 818; baseline 0.001 -26"><span class='ocrx_word' id='word_1_25' title='bbox 164 737 245 793; x_wconf 90' lang='lat' dir='ltr'><strong>tunc</strong></span> <span class='ocrx_word' id='word_1_26' title='bbox 264 734 425 814; x_wconf 88' lang='lat' dir='ltr'><strong>temporis</strong></span> <span class='ocrx_word' id='word_1_27' title='bbox 447 733 667 812; x_wconf 84' lang='lat' dir='ltr'>Camerarius,</span> <span class='ocrx_word' id='word_1_28' title='bbox 690 735 781 818; x_wconf 90' lang='lat' dir='ltr'><strong>quod</strong></span> <span class='ocrx_word' id='word_1_29' title='bbox 806 735 916 799; x_wconf 90' lang='lat' dir='ltr'><strong>eidem</strong></span> <span class='ocrx_word' id='word_1_30' title='bbox 937 735 1076 798; x_wconf 90' lang='lat' dir='ltr'><strong>domino</strong></span> <span class='ocrx_word' id='word_1_31' title='bbox 1097 729 1272 817; x_wconf 90' lang='lat' dir='ltr'><strong>J[0hanni]</strong></span> 
     </span>
     <span class='ocr_line' id='line_1_5' title="bbox 164 835 1272 923; baseline 0 -25"><span class='ocrx_word' id='word_1_32' title='bbox 164 835 355 915; x_wconf 90' lang='lat' dir='ltr'><strong>prouideret</strong></span> <span class='ocrx_word' id='word_1_33' title='bbox 384 839 427 902; x_wconf 89' lang='lat' dir='ltr'><strong>de</strong></span> <span class='ocrx_word' id='word_1_34' title='bbox 457 840 605 921; x_wconf 86' lang='lat' dir='ltr'><strong>quodam</strong></span> <span class='ocrx_word' id='word_1_35' title='bbox 635 860 730 923; x_wconf 91' lang='lat' dir='ltr'><strong>equo.</strong></span> <span class='ocrx_word' id='word_1_36' title='bbox 786 840 837 904; x_wconf 90' lang='lat' dir='ltr'><strong>At</strong></span> <span class='ocrx_word' id='word_1_37' title='bbox 866 840 930 917; x_wconf 89' lang='lat' dir='ltr'><strong>ille,</strong></span> <span class='ocrx_word' id='word_1_38' title='bbox 961 848 1119 923; x_wconf 88' lang='lat' dir='ltr'><strong>precepto</strong></span> <span class='ocrx_word' id='word_1_39' title='bbox 1151 836 1272 901; x_wconf 89' lang='lat' dir='ltr'><strong>Prioris</strong></span> 
     </span>
     <span class='ocr_line' id='line_1_6' title="bbox 163 940 1272 1027; baseline 0 -26"><span class='ocrx_word' id='word_1_40' title='bbox 163 948 409 1023; x_wconf 84' lang='lat' dir='ltr'><strong>optemperans,</strong></span> <span class='ocrx_word' id='word_1_41' title='bbox 424 962 527 1006; x_wconf 88' lang='lat' dir='ltr'><strong>vnum</strong></span> <span class='ocrx_word' id='word_1_42' title='bbox 548 964 648 1027; x_wconf 91' lang='lat' dir='ltr'><strong>equm</strong></span> <span class='ocrx_word' id='word_1_43' title='bbox 665 953 859 1007; x_wconf 89' lang='lat' dir='ltr'><strong>veteranum</strong></span> <span class='ocrx_word' id='word_1_44' title='bbox 877 963 1037 1025; x_wconf 88' lang='lat' dir='ltr'><strong>magnum</strong></span> <span class='ocrx_word' id='word_1_45' title='bbox 1053 952 1087 1007; x_wconf 91' lang='lat' dir='ltr'><strong>et</strong></span> <span class='ocrx_word' id='word_1_46' title='bbox 1103 940 1272 1006; x_wconf 85' lang='lat' dir='ltr'><strong>macillen-</strong></span> 
     </span>
     <span class='ocr_line' id='line_1_7' title="bbox 163 1044 1271 1128; baseline 0 -21"><span class='ocrx_word' id='word_1_47' title='bbox 163 1050 236 1107; x_wconf 87' lang='lat' dir='ltr'><strong>tum</strong></span> <span class='ocrx_word' id='word_1_48' title='bbox 252 1065 352 1127; x_wconf 89' lang='lat' dir='ltr'><strong>quem</strong></span> <span class='ocrx_word' id='word_1_49' title='bbox 368 1056 449 1110; x_wconf 92' lang='lat' dir='ltr'><strong>tunc</strong></span> <span class='ocrx_word' id='word_1_50' title='bbox 464 1046 573 1111; x_wconf 92' lang='lat' dir='ltr'><strong>solum</strong></span> <span class='ocrx_word' id='word_1_51' title='bbox 589 1047 753 1111; x_wconf 86' lang='lat' dir='ltr'>habuerat</span> <span class='ocrx_word' id='word_1_52' title='bbox 767 1049 882 1111; x_wconf 90' lang='lat' dir='ltr'><strong>statim</strong></span> <span class='ocrx_word' id='word_1_53' title='bbox 901 1049 991 1110; x_wconf 87' lang='lat' dir='ltr'><strong>misit</strong></span> <span class='ocrx_word' id='word_1_54' title='bbox 1005 1047 1124 1111; x_wconf 89' lang='lat' dir='ltr'><strong>eidem.</strong></span> <span class='ocrx_word' id='word_1_55' title='bbox 1161 1044 1271 1128; x_wconf 87' lang='lat' dir='ltr'><strong>Quem</strong></span> 
     </span>
     <span class='ocr_line' id='line_1_8' title="bbox 164 1148 1271 1233; baseline 0.002 -23"><span class='ocrx_word' id='word_1_56' title='bbox 164 1148 282 1212; x_wconf 90' lang='lat' dir='ltr'><strong>uidens</strong></span> <span class='ocrx_word' id='word_1_57' title='bbox 302 1150 460 1214; x_wconf 91' lang='lat' dir='ltr'><strong>dominus</strong></span> <span class='ocrx_word' id='word_1_58' title='bbox 479 1150 650 1232; x_wconf 85' lang='lat' dir='ltr'><strong>Johannes</strong></span> <span class='ocrx_word' id='word_1_59' title='bbox 671 1160 704 1215; x_wconf 91' lang='lat' dir='ltr'><strong>et</strong></span> <span class='ocrx_word' id='word_1_60' title='bbox 726 1152 782 1233; x_wconf 92' lang='lat' dir='ltr'><strong>qui</strong></span> <span class='ocrx_word' id='word_1_61' title='bbox 799 1172 875 1215; x_wconf 92' lang='lat' dir='ltr'><strong>cum</strong></span> <span class='ocrx_word' id='word_1_62' title='bbox 892 1171 933 1217; x_wconf 92' lang='lat' dir='ltr'><strong>eo</strong></span> <span class='ocrx_word' id='word_1_63' title='bbox 948 1159 1042 1215; x_wconf 90' lang='lat' dir='ltr'><strong>erant</strong></span> <span class='ocrx_word' id='word_1_64' title='bbox 1058 1150 1271 1214; x_wconf 85' lang='lat' dir='ltr'><strong>exclamaue-</strong></span> 
     </span>
     <span class='ocr_line' id='line_1_9' title="bbox 164 1250 1272 1320; baseline 0 -5"><span class='ocrx_word' id='word_1_65' title='bbox 164 1262 242 1316; x_wconf 85' lang='lat' dir='ltr'><strong>runt</strong></span> <span class='ocrx_word' id='word_1_66' title='bbox 267 1253 435 1319; x_wconf 89' lang='lat' dir='ltr'><strong>dicentes:</strong></span> <span class='ocrx_word' id='word_1_67' title='bbox 475 1253 565 1318; x_wconf 72' lang='lat' dir='ltr'><strong>Vnde</strong></span> <span class='ocrx_word' id='word_1_68' title='bbox 589 1256 680 1319; x_wconf 82' lang='lat' dir='ltr'><strong>uenit</strong></span> <span class='ocrx_word' id='word_1_69' title='bbox 705 1256 766 1319; x_wconf 82' lang='lat' dir='ltr'><strong>iste</strong></span> <span class='ocrx_word' id='word_1_70' title='bbox 785 1255 934 1319; x_wconf 75' lang='lat' dir='ltr'><strong>diabolus</strong></span> <span class='ocrx_word' id='word_1_71' title='bbox 955 1252 1182 1320; x_wconf 83' lang='lat' dir='ltr'><strong>inueteratus?</strong></span> <span class='ocrx_word' id='word_1_72' title='bbox 1227 1250 1272 1316; x_wconf 91' lang='lat' dir='ltr'><strong>Et</strong></span> 
     </span>
     <span class='ocr_line' id='line_1_10' title="bbox 164 1357 1334 1442; baseline 0 -23"><span class='ocrx_word' id='word_1_73' title='bbox 164 1376 240 1420; x_wconf 88' lang='lat' dir='ltr'><strong>eum</strong></span> <span class='ocrx_word' id='word_1_74' title='bbox 257 1359 420 1423; x_wconf 86' lang='lat' dir='ltr'><strong>cachinno</strong></span> <span class='ocrx_word' id='word_1_75' title='bbox 436 1379 560 1442; x_wconf 83' lang='lat' dir='ltr'><strong>magno</strong></span> <span class='ocrx_word' id='word_1_76' title='bbox 572 1359 699 1422; x_wconf 90' lang='lat' dir='ltr'><strong>dictum</strong></span> <span class='ocrx_word' id='word_1_77' title='bbox 713 1379 837 1441; x_wconf 89' lang='lat' dir='ltr'><strong>equum</strong></span> <span class='ocrx_word' id='word_1_78' title='bbox 849 1360 1063 1436; x_wconf 81' lang='lat' dir='ltr'><strong>circuierunt3</strong></span> <span class='ocrx_word' id='word_1_79' title='bbox 1085 1357 1140 1439; x_wconf 90' lang='lat' dir='ltr'><strong>alij</strong></span> <span class='ocrx_word' id='word_1_80' title='bbox 1154 1358 1272 1421; x_wconf 89' lang='lat' dir='ltr'><strong>dentes</strong></span> <span class='ocrx_word' id='word_1_81' title='bbox 1325 1358 1334 1381; x_wconf 81' lang='lat'>⁸</span> 
     </span>
     <span class='ocr_line' id='line_1_11' title="bbox 164 1460 1271 1545; baseline 0 -22"><span class='ocrx_word' id='word_1_82' title='bbox 164 1460 236 1524; x_wconf 91' lang='lat' dir='ltr'><strong>eius</strong></span> <span class='ocrx_word' id='word_1_83' title='bbox 251 1462 485 1540; x_wconf 82' lang='lat' dir='ltr'><strong>ostendentes3</strong></span> <span class='ocrx_word' id='word_1_84' title='bbox 504 1461 559 1544; x_wconf 88' lang='lat' dir='ltr'><strong>alij</strong></span> <span class='ocrx_word' id='word_1_85' title='bbox 577 1461 687 1545; x_wconf 88' lang='lat' dir='ltr'><strong>capud</strong></span> <span class='ocrx_word' id='word_1_86' title='bbox 703 1472 737 1527; x_wconf 89' lang='lat' dir='ltr'><strong>et</strong></span> <span class='ocrx_word' id='word_1_87' title='bbox 753 1463 889 1525; x_wconf 92' lang='lat' dir='ltr'><strong>dorsum</strong></span> <span class='ocrx_word' id='word_1_88' title='bbox 907 1461 1062 1526; x_wconf 89' lang='lat' dir='ltr'><strong>manibus</strong></span> <span class='ocrx_word' id='word_1_89' title='bbox 1074 1460 1271 1544; x_wconf 85' lang='lat' dir='ltr'><strong>palpantes;</strong></span> 
     </span>
     <span class='ocr_line' id='line_1_12' title="bbox 165 1563 1272 1650; baseline 0 -24"><span class='ocrx_word' id='word_1_90' title='bbox 165 1563 221 1648; x_wconf 90' lang='lat' dir='ltr'><strong>alij</strong></span> <span class='ocrx_word' id='word_1_91' title='bbox 242 1586 322 1630; x_wconf 90' lang='lat' dir='ltr'><strong>uero</strong></span> <span class='ocrx_word' id='word_1_92' title='bbox 337 1587 397 1649; x_wconf 91' lang='lat' dir='ltr'><strong>per</strong></span> <span class='ocrx_word' id='word_1_93' title='bbox 411 1568 554 1630; x_wconf 88' lang='lat' dir='ltr'><strong>caudam</strong></span> <span class='ocrx_word' id='word_1_94' title='bbox 570 1566 680 1650; x_wconf 90' lang='lat' dir='ltr'><strong>ipsum</strong></span> <span class='ocrx_word' id='word_1_95' title='bbox 698 1566 855 1630; x_wconf 88' lang='lat' dir='ltr'><strong>miserum</strong></span> <span class='ocrx_word' id='word_1_96' title='bbox 872 1564 1061 1642; x_wconf 86' lang='lat' dir='ltr'><strong>trahentes;</strong></span> <span class='ocrx_word' id='word_1_97' title='bbox 1086 1564 1141 1647; x_wconf 91' lang='lat' dir='ltr'><strong>alij</strong></span> <span class='ocrx_word' id='word_1_98' title='bbox 1159 1573 1272 1628; x_wconf 87' lang='lat' dir='ltr'><strong>autem</strong></span> 
     </span>
     <span class='ocr_line' id='line_1_13' title="bbox 165 1670 1273 1757; baseline -0.001 -24"><span class='ocrx_word' id='word_1_99' title='bbox 165 1690 242 1734; x_wconf 91' lang='lat' dir='ltr'><strong>cum</strong></span> <span class='ocrx_word' id='word_1_100' title='bbox 263 1671 386 1737; x_wconf 90' lang='lat' dir='ltr'><strong>aculeis</strong></span> <span class='ocrx_word' id='word_1_101' title='bbox 407 1674 517 1755; x_wconf 90' lang='lat' dir='ltr'><strong>ipsum</strong></span> <span class='ocrx_word' id='word_1_102' title='bbox 539 1682 737 1757; x_wconf 87' lang='lat' dir='ltr'><strong>pungentes,</strong></span> <span class='ocrx_word' id='word_1_103' title='bbox 753 1680 787 1735; x_wconf 91' lang='lat' dir='ltr'><strong>et</strong></span> <span class='ocrx_word' id='word_1_104' title='bbox 808 1671 851 1735; x_wconf 92' lang='lat' dir='ltr'><strong>ad</strong></span> <span class='ocrx_word' id='word_1_105' title='bbox 873 1670 1176 1735; x_wconf 90' lang='lat' dir='ltr'><strong>recalcitracionem</strong></span> <span class='ocrx_word' id='word_1_106' title='bbox 1198 1689 1273 1751; x_wconf 87' lang='lat' dir='ltr'><strong>pro·</strong></span> 
     </span>
     <span class='ocr_line' id='line_1_14' title="bbox 166 1771 1272 1859; baseline -0.002 -22"><span class='ocrx_word' id='word_1_107' title='bbox 166 1784 333 1839; x_wconf 89' lang='lat' dir='ltr'><strong>uocantes.</strong></span> <span class='ocrx_word' id='word_1_108' title='bbox 352 1774 422 1859; x_wconf 91' lang='lat' dir='ltr'><strong>Alij</strong></span> <span class='ocrx_word' id='word_1_109' title='bbox 436 1774 605 1839; x_wconf 89' lang='lat' dir='ltr'>dicebant:</span> <span class='ocrx_word' id='word_1_110' title='bbox 620 1774 827 1852; x_wconf 82' lang='lat' dir='ltr'><strong>Excorr&#39;ctur;</strong></span> <span class='ocrx_word' id='word_1_111' title='bbox 843 1774 914 1856; x_wconf 88' lang='lat' dir='ltr'><strong>aiij:</strong></span> <span class='ocrx_word' id='word_1_112' title='bbox 933 1772 1157 1839; x_wconf 86' lang='lat' dir='ltr'><strong>Combnratur.</strong></span> <span class='ocrx_word' id='word_1_113' title='bbox 1182 1771 1272 1855; x_wconf 83' lang='lat' dir='ltr'>Quid</span> 
     </span>
     <span class='ocr_line' id='line_1_15' title="bbox 165 1876 1272 1962; baseline -0.003 -21"><span class='ocrx_word' id='word_1_114' title='bbox 165 1878 285 1960; x_wconf 88' lang='lat' dir='ltr'><strong>plura?</strong></span> <span class='ocrx_word' id='word_1_115' title='bbox 342 1879 511 1944; x_wconf 90' lang='lat' dir='ltr'><strong>Dominus</strong></span> <span class='ocrx_word' id='word_1_116' title='bbox 540 1879 712 1961; x_wconf 88' lang='lat' dir='ltr'><strong>Johannes</strong></span> <span class='ocrx_word' id='word_1_117' title='bbox 743 1879 891 1962; x_wconf 86' lang='lat' dir='ltr'><strong>precepit</strong></span> <span class='ocrx_word' id='word_1_118' title='bbox 922 1888 958 1941; x_wconf 94' lang='lat' dir='ltr'><strong>ut</strong></span> <span class='ocrx_word' id='word_1_119' title='bbox 990 1878 1200 1942; x_wconf 83' lang='lat' dir='ltr'><strong>reduceretur</strong></span> <span class='ocrx_word' id='word_1_120' title='bbox 1229 1876 1272 1939; x_wconf 84' lang='lat' dir='ltr'><strong>ad</strong></span> 
     </span>
     <span class='ocr_line' id='line_1_16' title="bbox 165 1982 1273 2065; baseline -0.003 -19"><span class='ocrx_word' id='word_1_121' title='bbox 165 1982 277 2046; x_wconf 91' lang='lat' dir='ltr'><strong>locum</strong></span> <span class='ocrx_word' id='word_1_122' title='bbox 308 1983 398 2047; x_wconf 91' lang='lat' dir='ltr'><strong>unde</strong></span> <span class='ocrx_word' id='word_1_123' title='bbox 428 1993 574 2047; x_wconf 84' lang='lat' dir='ltr'><strong>uenerat</strong></span> <span class='ocrx_word' id='word_1_124' title='bbox 621 1982 667 2046; x_wconf 92' lang='lat' dir='ltr'><strong>Et</strong></span> <span class='ocrx_word' id='word_1_125' title='bbox 694 1993 771 2065; x_wconf 92' lang='lat' dir='ltr'><strong>post</strong></span> <span class='ocrx_word' id='word_1_126' title='bbox 797 2004 922 2065; x_wconf 92' lang='lat' dir='ltr'><strong>paucos</strong></span> <span class='ocrx_word' id='word_1_127' title='bbox 949 1983 1020 2047; x_wconf 92' lang='lat' dir='ltr'><strong>dies</strong></span> <span class='ocrx_word' id='word_1_128' title='bbox 1048 1982 1137 2046; x_wconf 90' lang='lat' dir='ltr'><strong>misit</strong></span> <span class='ocrx_word' id='word_1_129' title='bbox 1163 1982 1273 2046; x_wconf 89' lang='lat' dir='ltr'><strong>dictus</strong></span> 
     </span>
     <span class='ocr_line' id='line_1_17' title="bbox 166 2084 1274 2170; baseline -0.001 -21"><span class='ocrx_word' id='word_1_130' title='bbox 166 2086 322 2151; x_wconf 90' lang='lat' dir='ltr'><strong>dominus</strong></span> <span class='ocrx_word' id='word_1_131' title='bbox 356 2086 557 2170; x_wconf 75' lang='lat' dir='ltr'><strong>Hohannes]</strong></span> <span class='ocrx_word' id='word_1_132' title='bbox 593 2085 734 2148; x_wconf 90' lang='lat' dir='ltr'><strong>militem</strong></span> <span class='ocrx_word' id='word_1_133' title='bbox 771 2106 875 2149; x_wconf 89' lang='lat' dir='ltr'><strong>unum</strong></span> <span class='ocrx_word' id='word_1_134' title='bbox 911 2087 954 2149; x_wconf 92' lang='lat' dir='ltr'><strong>de</strong></span> <span class='ocrx_word' id='word_1_135' title='bbox 990 2084 1116 2148; x_wconf 80' lang='lat' dir='ltr'><strong>familia</strong></span> <span class='ocrx_word' id='word_1_136' title='bbox 1149 2105 1210 2148; x_wconf 87' lang='lat' dir='ltr'><strong>sua</strong></span> <span class='ocrx_word' id='word_1_137' title='bbox 1239 2094 1274 2148; x_wconf 91' lang='lat' dir='ltr'><strong>et</strong></span> 
     </span>
     <span class='ocr_line' id='line_1_18' title="bbox 167 2187 1277 2273; baseline -0.002 -20"><span class='ocrx_word' id='word_1_138' title='bbox 167 2191 332 2273; x_wconf 89' lang='lat' dir='ltr'><strong>quosdam</strong></span> <span class='ocrx_word' id='word_1_139' title='bbox 368 2191 460 2267; x_wconf 89' lang='lat' dir='ltr'><strong>alios,</strong></span> <span class='ocrx_word' id='word_1_140' title='bbox 493 2191 644 2253; x_wconf 90' lang='lat' dir='ltr'><strong>dicentes</strong></span> <span class='ocrx_word' id='word_1_141' title='bbox 679 2189 722 2251; x_wconf 90' lang='lat' dir='ltr'><strong>ad</strong></span> <span class='ocrx_word' id='word_1_142' title='bbox 763 2190 931 2253; x_wconf 89' lang='lat' dir='ltr'><strong>Priorem:</strong></span> <span class='ocrx_word' id='word_1_143' title='bbox 968 2187 1133 2252; x_wconf 84' lang='lat' dir='ltr'><strong>Dominus</strong></span> <span class='ocrx_word' id='word_1_144' title='bbox 1170 2198 1277 2251; x_wconf 81' lang='lat' dir='ltr'><strong>noster</strong></span> 
     </span>
     <span class='ocr_line' id='line_1_19' title="bbox 166 2292 1279 2380; baseline -0.004 -21"><span class='ocrx_word' id='word_1_145' title='bbox 166 2294 318 2359; x_wconf 82' lang='lat' dir='ltr'><strong>dominus</strong></span> <span class='ocrx_word' id='word_1_146' title='bbox 333 2295 364 2380; x_wconf 94' lang='lat' dir='ltr'><em>J</em></span> <span class='ocrx_word' id='word_1_147' title='bbox 365 2294 533 2380; x_wconf 77' lang='lat' dir='ltr'><strong>[ohannes]</strong></span> <span class='ocrx_word' id='word_1_148' title='bbox 555 2293 594 2357; x_wconf 74' lang='lat' dir='ltr'><strong>de</strong></span> <span class='ocrx_word' id='word_1_149' title='bbox 616 2293 728 2376; x_wconf 84' lang='lat' dir='ltr'><strong>Burgo</strong></span> <span class='ocrx_word' id='word_1_150' title='bbox 751 2293 845 2357; x_wconf 64' lang='lat' dir='ltr'><strong>misit</strong></span> <span class='ocrx_word' id='word_1_151' title='bbox 866 2314 923 2356; x_wconf 88' lang='lat' dir='ltr'><strong>nos</strong></span> <span class='ocrx_word' id='word_1_152' title='bbox 944 2292 992 2355; x_wconf 86' lang='lat' dir='ltr'><strong>ad</strong></span> <span class='ocrx_word' id='word_1_153' title='bbox 1011 2302 1041 2355; x_wconf 81' lang='lat' dir='ltr'><strong>to</strong></span> <span class='ocrx_word' id='word_1_154' title='bbox 1061 2292 1168 2356; x_wconf 66' lang='lat' dir='ltr'><strong>dicens</strong></span> <span class='ocrx_word' id='word_1_155' title='bbox 1191 2292 1279 2375; x_wconf 85' lang='lat' dir='ltr'><strong>quod</strong></span> 
     </span>
     <span class='ocr_line' id='line_1_20' title="bbox 167 2398 1278 2481; baseline -0.003 -19"><span class='ocrx_word' id='word_1_156' title='bbox 167 2418 230 2462; x_wconf 86' lang='lat' dir='ltr'><strong>non</strong></span> <span class='ocrx_word' id='word_1_157' title='bbox 251 2400 378 2464; x_wconf 87' lang='lat' dir='ltr'><strong>salutat</strong></span> <span class='ocrx_word' id='word_1_158' title='bbox 399 2409 437 2475; x_wconf 85' lang='lat' dir='ltr'><strong>te,</strong></span> <span class='ocrx_word' id='word_1_159' title='bbox 458 2420 515 2462; x_wconf 83' lang='lat' dir='ltr'><strong>nec</strong></span> <span class='ocrx_word' id='word_1_160' title='bbox 535 2399 596 2463; x_wconf 84' lang='lat' dir='ltr'><strong>tibi</strong></span> <span class='ocrx_word' id='word_1_161' title='bbox 618 2399 823 2481; x_wconf 70' lang='lat' dir='ltr'><strong>regratiatur</strong></span> <span class='ocrx_word' id='word_1_162' title='bbox 842 2398 881 2461; x_wconf 81' lang='lat' dir='ltr'><strong>de</strong></span> <span class='ocrx_word' id='word_1_163' title='bbox 903 2419 980 2480; x_wconf 83' lang='lat' dir='ltr'><strong>equo</strong></span> <span class='ocrx_word' id='word_1_164' title='bbox 1005 2398 1106 2461; x_wconf 83' lang='lat' dir='ltr'><strong>ueteri</strong></span> <span class='ocrx_word' id='word_1_165' title='bbox 1127 2417 1219 2480; x_wconf 79' lang='lat' dir='ltr'><strong>quem</strong></span> <span class='ocrx_word' id='word_1_166' title='bbox 1244 2398 1278 2459; x_wconf 78' lang='lat' dir='ltr'><strong>ei</strong></span> 
     </span>
     <span class='ocr_line' id='line_1_21' title="bbox 166 2499 1405 2586; baseline -0.001 -20"><span class='ocrx_word' id='word_1_167' title='bbox 166 2504 383 2568; x_wconf 79' lang='lat' dir='ltr'><strong>accomodasti</strong></span> <span class='ocrx_word' id='word_1_168' title='bbox 429 2504 577 2568; x_wconf 79' lang='lat' dir='ltr'><em>Mandat</em></span> <span class='ocrx_word' id='word_1_169' title='bbox 605 2503 714 2586; x_wconf 78' lang='lat' dir='ltr'><strong>igitur</strong></span> <span class='ocrx_word' id='word_1_170' title='bbox 741 2502 803 2566; x_wconf 82' lang='lat' dir='ltr'><strong>tibi</strong></span> <span class='ocrx_word' id='word_1_171' title='bbox 829 2502 916 2585; x_wconf 84' lang='lat' dir='ltr'><strong>quod</strong></span> <span class='ocrx_word' id='word_1_172' title='bbox 942 2500 1056 2565; x_wconf 83' lang='lat' dir='ltr'><strong>mittas</strong></span> <span class='ocrx_word' id='word_1_173' title='bbox 1080 2500 1111 2564; x_wconf 82' lang='lat' dir='ltr'><strong>ei</strong></span> <span class='ocrx_word' id='word_1_174' title='bbox 1135 2499 1355 2565; x_wconf 73' lang='lat' dir='ltr'><strong>celeriternow</strong></span> <span class='ocrx_word' id='word_1_175' title='bbox 1363 2523 1405 2565; x_wconf 69' lang='grc' dir='ltr'><strong>ιιι</strong></span> 
     </span>
     <span class='ocr_line' id='line_1_22' title="bbox 166 2573 1429 2722; baseline -0.004 -52"><span class='ocrx_word' id='word_1_176' title='bbox 166 2628 270 2671; x_wconf 86' lang='lat' dir='ltr'><strong>unum</strong></span> <span class='ocrx_word' id='word_1_177' title='bbox 286 2608 491 2690; x_wconf 71' lang='lat' dir='ltr'><strong>palestrilum</strong></span> <span class='ocrx_word' id='word_1_178' title='bbox 517 2608 592 2672; x_wconf 84' lang='lat' dir='ltr'><strong>bene</strong></span> <span class='ocrx_word' id='word_1_179' title='bbox 615 2608 836 2671; x_wconf 78' lang='lat' dir='ltr'><strong>ambulantem</strong></span> <span class='ocrx_word' id='word_1_180' title='bbox 861 2628 924 2670; x_wconf 91' lang='lat' dir='ltr'><strong>non</strong></span> <span class='ocrx_word' id='word_1_181' title='bbox 950 2627 990 2669; x_wconf 78' lang='lat' dir='ltr'><strong>at</strong></span> <span class='ocrx_word' id='word_1_182' title='bbox 1013 2616 1131 2681; x_wconf 87' lang='lat' dir='ltr'><strong>mutuo,</strong></span> <span class='ocrx_word' id='word_1_183' title='bbox 1157 2604 1216 2668; x_wconf 86' lang='lat' dir='ltr'><strong>sed</strong></span> <span class='ocrx_word' id='word_1_184' title='bbox 1231 2573 1347 2722; x_wconf 52' lang='lat' dir='ltr'><strong>eng}</strong></span> <span class='ocrx_word' id='word_1_185' title='bbox 1302 2624 1381 2666; x_wconf 77' lang='grc' dir='ltr'>ιιιιιιι</span> <span class='ocrx_word' id='word_1_186' title='bbox 1369 2585 1429 2675; x_wconf 59' lang='lat' dir='ltr'><strong>eiu</strong></span> 
     </span>
     <span class='ocr_line' id='line_1_23' title="bbox 167 2686 1384 2797; baseline 0 -20"><span class='ocrx_word' id='word_1_187' title='bbox 167 2714 273 2789; x_wconf 89' lang='lat' dir='ltr'><strong>dono,·</strong></span> <span class='ocrx_word' id='word_1_188' title='bbox 309 2724 341 2777; x_wconf 82' lang='lat' dir='ltr'><strong>ct</strong></span> <span class='ocrx_word' id='word_1_189' title='bbox 370 2725 552 2797; x_wconf 81' lang='lat' dir='ltr'><strong>responsum</strong></span> <span class='ocrx_word' id='word_1_190' title='bbox 583 2723 677 2777; x_wconf 85' lang='lat' dir='ltr'><strong>tuum</strong></span> <span class='ocrx_word' id='word_1_191' title='bbox 706 2713 808 2776; x_wconf 64' lang='lat' dir='ltr'><strong>ndum</strong></span> <span class='ocrx_word' id='word_1_192' title='bbox 840 2712 997 2776; x_wconf 80' lang='lat' dir='ltr'><strong>remanda</strong></span> <span class='ocrx_word' id='word_1_193' title='bbox 1025 2721 1089 2792; x_wconf 80' lang='lat' dir='ltr'><strong>per</strong></span> <span class='ocrx_word' id='word_1_194' title='bbox 1120 2730 1177 2773; x_wconf 85' lang='lat' dir='ltr'><strong>nos</strong></span> <span class='ocrx_word' id='word_1_195' title='bbox 1205 2731 1365 2777; x_wconf 73' lang='grc' dir='ltr'>ιιιιιιιιι</span> <span class='ocrx_word' id='word_1_196' title='bbox 1304 2686 1384 2776; x_wconf 66' lang='grc' dir='ltr'>ῑῖιιι</span> 
     </span>
     <span class='ocr_line' id='line_1_24' title="bbox 167 2817 1375 2898; baseline -0.003 -18"><span class='ocrx_word' id='word_1_197' title='bbox 167 2817 330 2881; x_wconf 72' lang='lat' dir='ltr'><strong>diuam.</strong></span> <span class='ocrx_word' id='word_1_198' title='bbox 392 2818 438 2882; x_wconf 91' lang='lat' dir='ltr'><strong>Et</strong></span> <span class='ocrx_word' id='word_1_199' title='bbox 474 2818 576 2892; x_wconf 86' lang='lat' dir='ltr'><strong>Prior,</strong></span> <span class='ocrx_word' id='word_1_200' title='bbox 605 2818 820 2881; x_wconf 88' lang='lat' dir='ltr'><strong>considerans</strong></span> <span class='ocrx_word' id='word_1_201' title='bbox 851 2826 984 2898; x_wconf 92' lang='lat' dir='ltr'><strong>tempus</strong></span> <span class='ocrx_word' id='word_1_202' title='bbox 1018 2824 1053 2878; x_wconf 93' lang='lat' dir='ltr'><strong>et</strong></span> <span class='ocrx_word' id='word_1_203' title='bbox 1088 2834 1275 2897; x_wconf 90' lang='lat' dir='ltr'><strong>personam,</strong></span> <span class='ocrx_word' id='word_1_204' title='bbox 1287 2826 1375 2893; x_wconf 80' lang='lat' dir='ltr'><strong>t.47b</strong></span> 
     </span>
     <span class='ocr_line' id='line_1_25' title="bbox 166 2918 1275 3005; baseline -0.001 -22"><span class='ocrx_word' id='word_1_205' title='bbox 166 2921 296 2985; x_wconf 91' lang='lat' dir='ltr'><strong>studuit</strong></span> <span class='ocrx_word' id='word_1_206' title='bbox 325 2921 493 2985; x_wconf 89' lang='lat' dir='ltr'><strong>humiliter</strong></span> <span class='ocrx_word' id='word_1_207' title='bbox 520 2922 728 3005; x_wconf 90' lang='lat' dir='ltr'><strong>respondere.</strong></span> <span class='ocrx_word' id='word_1_208' title='bbox 774 2921 821 2985; x_wconf 92' lang='lat' dir='ltr'><strong>Et</strong></span> <span class='ocrx_word' id='word_1_209' title='bbox 847 2920 954 2984; x_wconf 88' lang='lat' dir='ltr'><strong>dixit:</strong></span> <span class='ocrx_word' id='word_1_210' title='bbox 994 2919 1128 2984; x_wconf 83' lang='lat' dir='ltr'><strong>Vtinam</strong></span> <span class='ocrx_word' id='word_1_211' title='bbox 1158 2918 1275 2983; x_wconf 85' lang='lat' dir='ltr'><strong>bonnm</strong></span> 
     </span>
    </p>

    <p class='ocr_par' dir='ltr' id='par_1_3' title="bbox 160 3023 1278 3735">
     <span class='ocr_line' id='line_1_26' title="bbox 166 3023 1278 3107; baseline 0.001 -21"><span class='ocrx_word' id='word_1_212' title='bbox 166 3033 199 3087; x_wconf 85' lang='lat' dir='ltr'><strong>et</strong></span> <span class='ocrx_word' id='word_1_213' title='bbox 222 3024 385 3105; x_wconf 84' lang='lat' dir='ltr'><strong>ydoneum</strong></span> <span class='ocrx_word' id='word_1_214' title='bbox 413 3025 619 3107; x_wconf 73' lang='lat' dir='ltr'><strong>palefridum</strong></span> <span class='ocrx_word' id='word_1_215' title='bbox 648 3024 797 3089; x_wconf 68' lang='lat' dir='ltr'><strong>lobnam</strong></span> <span class='ocrx_word' id='word_1_216' title='bbox 827 3024 876 3087; x_wconf 86' lang='lat' dir='ltr'><strong>ad</strong></span> <span class='ocrx_word' id='word_1_217' title='bbox 908 3036 986 3107; x_wconf 84' lang='lat' dir='ltr'><strong>opus</strong></span> <span class='ocrx_word' id='word_1_218' title='bbox 1014 3023 1141 3087; x_wconf 83' lang='lat' dir='ltr'><strong>domini</strong></span> <span class='ocrx_word' id='word_1_219' title='bbox 1174 3023 1278 3087; x_wconf 72' lang='lat' dir='ltr'><strong>nestri</strong></span> 
     </span>
     <span class='ocr_line' id='line_1_27' title="bbox 160 3128 1275 3213; baseline 0.001 -22"><span class='ocrx_word' id='word_1_220' title='bbox 160 3128 335 3213; x_wconf 72' lang='lat' dir='ltr'><strong>Johonnt&#39;r.</strong></span> <span class='ocrx_word' id='word_1_221' title='bbox 378 3130 502 3212; x_wconf 84' lang='lat' dir='ltr'><strong>Aliquo</strong></span> <span class='ocrx_word' id='word_1_222' title='bbox 532 3139 668 3211; x_wconf 81' lang='lat' dir='ltr'><strong>tempore</strong></span> <span class='ocrx_word' id='word_1_223' title='bbox 692 3128 795 3194; x_wconf 70' lang='lat' dir='ltr'><strong>halin</strong></span> <span class='ocrx_word' id='word_1_224' title='bbox 815 3128 1006 3211; x_wconf 74' lang='lat' dir='ltr'><strong>palefridos,</strong></span> <span class='ocrx_word' id='word_1_225' title='bbox 1032 3138 1275 3210; x_wconf 78' lang='lat' dir='ltr'><strong>verumptamen</strong></span> 
     </span>
     <span class='ocr_line' id='line_1_28' title="bbox 167 3232 1274 3317; baseline -0.002 -18"><span class='ocrx_word' id='word_1_226' title='bbox 167 3235 294 3317; x_wconf 76' lang='lat' dir='ltr'><strong>qualem</strong></span> <span class='ocrx_word' id='word_1_227' title='bbox 324 3234 416 3299; x_wconf 79' lang='lat' dir='ltr'><strong>niodo</strong></span> <span class='ocrx_word' id='word_1_228' title='bbox 445 3234 542 3298; x_wconf 80' lang='lat' dir='ltr'><strong>liabeo</strong></span> <span class='ocrx_word' id='word_1_229' title='bbox 570 3234 705 3298; x_wconf 81' lang='lat' dir='ltr'><strong>libenter</strong></span> <span class='ocrx_word' id='word_1_230' title='bbox 732 3234 764 3297; x_wconf 84' lang='lat' dir='ltr'><strong>ci</strong></span> <span class='ocrx_word' id='word_1_231' title='bbox 790 3233 879 3297; x_wconf 86' lang='lat' dir='ltr'><strong>dabo.</strong></span> <span class='ocrx_word' id='word_1_232' title='bbox 926 3234 972 3298; x_wconf 91' lang='lat' dir='ltr'><strong>Et</strong></span> <span class='ocrx_word' id='word_1_233' title='bbox 998 3232 1088 3298; x_wconf 87' lang='lat' dir='ltr'><strong>misit</strong></span> <span class='ocrx_word' id='word_1_234' title='bbox 1115 3234 1144 3297; x_wconf 89' lang='lat' dir='ltr'><strong>ei</strong></span> <span class='ocrx_word' id='word_1_235' title='bbox 1171 3254 1274 3297; x_wconf 92' lang='lat' dir='ltr'><strong>vnum</strong></span> 
     </span>
     <span class='ocr_line' id='line_1_29' title="bbox 168 3337 1275 3423; baseline 0.001 -20"><span class='ocrx_word' id='word_1_236' title='bbox 168 3337 366 3422; x_wconf 80' lang='lat' dir='ltr'><strong>palefridum</strong></span> <span class='ocrx_word' id='word_1_237' title='bbox 394 3339 436 3403; x_wconf 88' lang='lat' dir='ltr'><strong>de</strong></span> <span class='ocrx_word' id='word_1_238' title='bbox 463 3360 552 3404; x_wconf 92' lang='lat' dir='ltr'><strong>nouo</strong></span> <span class='ocrx_word' id='word_1_239' title='bbox 578 3347 741 3423; x_wconf 90' lang='lat' dir='ltr'><strong>emptum,</strong></span> <span class='ocrx_word' id='word_1_240' title='bbox 766 3359 908 3421; x_wconf 88' lang='lat' dir='ltr'><strong>paruum</strong></span> <span class='ocrx_word' id='word_1_241' title='bbox 935 3340 1081 3422; x_wconf 89' lang='lat' dir='ltr'><strong>quidem,</strong></span> <span class='ocrx_word' id='word_1_242' title='bbox 1107 3341 1166 3404; x_wconf 92' lang='lat' dir='ltr'><strong>sed</strong></span> <span class='ocrx_word' id='word_1_243' title='bbox 1194 3340 1275 3404; x_wconf 92' lang='lat' dir='ltr'><strong>satis</strong></span> 
     </span>
     <span class='ocr_line' id='line_1_30' title="bbox 168 3443 1274 3527; baseline -0.001 -19"><span class='ocrx_word' id='word_1_244' title='bbox 168 3443 253 3508; x_wconf 91' lang='lat' dir='ltr'><strong>bene</strong></span> <span class='ocrx_word' id='word_1_245' title='bbox 279 3444 517 3508; x_wconf 89' lang='lat' dir='ltr'><strong>ambulantem.</strong></span> <span class='ocrx_word' id='word_1_246' title='bbox 563 3443 674 3527; x_wconf 86' lang='lat' dir='ltr'><strong>Quem</strong></span> <span class='ocrx_word' id='word_1_247' title='bbox 704 3444 865 3527; x_wconf 89' lang='lat' dir='ltr'><strong>recipiens</strong></span> <span class='ocrx_word' id='word_1_248' title='bbox 893 3464 998 3527; x_wconf 92' lang='lat' dir='ltr'><strong>usque</strong></span> <span class='ocrx_word' id='word_1_249' title='bbox 1025 3445 1058 3507; x_wconf 92' lang='lat' dir='ltr'><strong>in</strong></span> <span class='ocrx_word' id='word_1_250' title='bbox 1086 3454 1274 3527; x_wconf 89' lang='lat' dir='ltr'><strong>presentem</strong></span> 
     </span>
     <span class='ocr_line' id='line_1_31' title="bbox 167 3548 1275 3632; baseline 0 -21"><span class='ocrx_word' id='word_1_251' title='bbox 167 3548 257 3612; x_wconf 90' lang='lat' dir='ltr'><strong>diem</strong></span> <span class='ocrx_word' id='word_1_252' title='bbox 285 3569 351 3612; x_wconf 93' lang='lat' dir='ltr'><strong>non</strong></span> <span class='ocrx_word' id='word_1_253' title='bbox 379 3549 514 3624; x_wconf 88' lang='lat' dir='ltr'><strong>remisit,</strong></span> <span class='ocrx_word' id='word_1_254' title='bbox 540 3550 600 3613; x_wconf 93' lang='lat' dir='ltr'><strong>sed</strong></span> <span class='ocrx_word' id='word_1_255' title='bbox 628 3559 742 3613; x_wconf 87' lang='lat' dir='ltr'><strong>tamen</strong></span> <span class='ocrx_word' id='word_1_256' title='bbox 766 3550 909 3613; x_wconf 89' lang='lat' dir='ltr'><strong>furorem</strong></span> <span class='ocrx_word' id='word_1_257' title='bbox 934 3555 1051 3632; x_wconf 80' lang='lat' dir='ltr'><strong>quem²</strong></span> <span class='ocrx_word' id='word_1_258' title='bbox 1076 3557 1275 3632; x_wconf 90' lang='lat' dir='ltr'><strong>conceperat</strong></span> 
     </span>
     <span class='ocr_line' id='line_1_32' title="bbox 169 3651 345 3735; baseline 0 -19"><span class='ocrx_word' id='word_1_259' title='bbox 169 3651 345 3735; x_wconf 85' lang='lat' dir='ltr'><strong>mitigauit.</strong></span> 
     </span>
    </p>
   </div>
   <div class='ocr_carea' id='block_1_3' title="bbox 268 3813 1180 4003">
    <p class='ocr_par' dir='ltr' id='par_1_4' title="bbox 268 3813 1180 4003">
     <span class='ocr_line' id='line_1_33' title="bbox 268 3813 1180 3900; baseline -0.001 -21"><span class='ocrx_word' id='word_1_260' title='bbox 268 3816 318 3894; x_wconf 82' lang='lat'><strong>38.</strong></span> <span class='ocrx_word' id='word_1_261' title='bbox 362 3814 414 3878; x_wconf 82' lang='lat' dir='ltr'><strong>De</strong></span> <span class='ocrx_word' id='word_1_262' title='bbox 436 3814 652 3898; x_wconf 75' lang='lat' dir='ltr'><strong>resignacrone</strong></span> <span class='ocrx_word' id='word_1_263' title='bbox 673 3813 814 3879; x_wconf 83' lang='lat' dir='ltr'><strong>Domini</strong></span> <span class='ocrx_word' id='word_1_264' title='bbox 828 3815 907 3900; x_wconf 87' lang='lat' dir='ltr'><strong>Jul&#39;</strong></span> <span class='ocrx_word' id='word_1_265' title='bbox 893 3837 965 3880; x_wconf 80' lang='lat' dir='ltr'><strong>ram</strong></span> <span class='ocrx_word' id='word_1_266' title='bbox 961 3816 1127 3894; x_wconf 82' lang='lat' dir='ltr'><strong>&#39;Prioris,</strong></span> <span class='ocrx_word' id='word_1_267' title='bbox 1148 3825 1180 3879; x_wconf 85' lang='lat' dir='ltr'><strong>et</strong></span> 
     </span>
     <span class='ocr_line' id='line_1_34' title="bbox 476 3920 973 4003; baseline 0.002 -18"><span class='ocrx_word' id='word_1_268' title='bbox 476 3922 634 3985; x_wconf 79' lang='lat' dir='ltr'><strong>creocionc</strong></span> <span class='ocrx_word' id='word_1_269' title='bbox 655 3921 788 3985; x_wconf 82' lang='lat' dir='ltr'><strong>Prioris</strong></span> <span class='ocrx_word' id='word_1_270' title='bbox 812 3920 973 4003; x_wconf 83' lang='lat' dir='ltr'><strong>Synnnis.</strong></span> 
     </span>
    </p>
   </div>
   <div class='ocr_carea' id='block_1_4' title="bbox 169 4062 1438 4360">
    <p class='ocr_par' dir='ltr' id='par_1_5' title="bbox 169 4062 1438 4360">
     <span class='ocr_line' id='line_1_35' title="bbox 237 4062 1438 4174; baseline 0.003 -46"><span class='ocrx_word' id='word_1_271' title='bbox 237 4062 294 4128; x_wconf 90' lang='lat' dir='ltr'><strong>Sic</strong></span> <span class='ocrx_word' id='word_1_272' title='bbox 323 4063 438 4147; x_wconf 89' lang='lat' dir='ltr'><strong>itaque</strong></span> <span class='ocrx_word' id='word_1_273' title='bbox 467 4065 624 4129; x_wconf 90' lang='lat' dir='ltr'><strong>dominus</strong></span> <span class='ocrx_word' id='word_1_274' title='bbox 654 4066 795 4148; x_wconf 77' lang='lat' dir='ltr'><strong>jolanus</strong></span> <span class='ocrx_word' id='word_1_275' title='bbox 827 4068 920 4131; x_wconf 87' lang='lat' dir='ltr'><strong>Prior</strong></span> <span class='ocrx_word' id='word_1_276' title='bbox 949 4088 1008 4150; x_wconf 91' lang='lat' dir='ltr'><strong>per</strong></span> <span class='ocrx_word' id='word_1_277' title='bbox 1038 4068 1146 4132; x_wconf 89' lang='lat' dir='ltr'><strong>uarias</strong></span> <span class='ocrx_word' id='word_1_278' title='bbox 1173 4070 1275 4133; x_wconf 93' lang='lat' dir='ltr'><strong>tribu·</strong></span> <span class='ocrx_word' id='word_1_279' title='bbox 1290 4081 1361 4174; x_wconf 54' lang='grc' dir='ltr'>Ἦ</span> <span class='ocrx_word' id='word_1_280' title='bbox 1368 4081 1438 4174; x_wconf 54' lang='lat' dir='ltr'><strong>{rior</strong></span> 
     </span>
     <span class='ocr_line' id='line_1_36' title="bbox 169 4130 1411 4273; baseline 0.003 -44"><span class='ocrx_word' id='word_1_281' title='bbox 169 4166 365 4231; x_wconf 84' lang='lat' dir='ltr'><strong>laciones</strong></span> <span class='ocrx_word' id='word_1_282' title='bbox 336 4188 595 4252; x_wconf 80' lang='lat' dir='ltr'><strong>circumquaque</strong></span> <span class='ocrx_word' id='word_1_283' title='bbox 617 4171 800 4247; x_wconf 85' lang='lat' dir='ltr'><strong>confossus,</strong></span> <span class='ocrx_word' id='word_1_284' title='bbox 816 4180 933 4255; x_wconf 79' lang='lat' dir='ltr'><strong>utpote</strong></span> <span class='ocrx_word' id='word_1_285' title='bbox 957 4192 1015 4254; x_wconf 91' lang='lat' dir='ltr'><strong>per</strong></span> <span class='ocrx_word' id='word_1_286' title='bbox 1037 4191 1200 4253; x_wconf 87' lang='lat' dir='ltr'><strong>guerram,</strong></span> <span class='ocrx_word' id='word_1_287' title='bbox 1218 4194 1277 4256; x_wconf 87' lang='lat' dir='ltr'><strong>per</strong></span> <span class='ocrx_word' id='word_1_288' title='bbox 1286 4130 1411 4273; x_wconf 49' lang='lat' dir='ltr'><strong>&#39;simon</strong></span> 
     </span>
     <span class='ocr_line' id='line_1_37' title="bbox 169 4269 1277 4360; baseline 0.006 -27"><span class='ocrx_word' id='word_1_289' title='bbox 169 4269 439 4353; x_wconf 89' lang='lat' dir='ltr'><strong>depredaciones,</strong></span> <span class='ocrx_word' id='word_1_290' title='bbox 454 4292 514 4355; x_wconf 92' lang='lat' dir='ltr'><strong>per</strong></span> <span class='ocrx_word' id='word_1_291' title='bbox 534 4272 697 4348; x_wconf 89' lang='lat' dir='ltr'><strong>incendia,</strong></span> <span class='ocrx_word' id='word_1_292' title='bbox 717 4294 777 4357; x_wconf 91' lang='lat' dir='ltr'><strong>per</strong></span> <span class='ocrx_word' id='word_1_293' title='bbox 798 4274 938 4350; x_wconf 89' lang='lat' dir='ltr'><strong>labores,</strong></span> <span class='ocrx_word' id='word_1_294' title='bbox 953 4294 1012 4358; x_wconf 89' lang='lat' dir='ltr'><strong>per</strong></span> <span class='ocrx_word' id='word_1_295' title='bbox 1032 4276 1147 4351; x_wconf 88' lang='lat' dir='ltr'><strong>minas,</strong></span> <span class='ocrx_word' id='word_1_296' title='bbox 1163 4285 1198 4339; x_wconf 91' lang='lat' dir='ltr'><strong>et</strong></span> <span class='ocrx_word' id='word_1_297' title='bbox 1218 4296 1277 4360; x_wconf 87' lang='lat' dir='ltr'><strong>per</strong></span> 
     </span>
    </p>
   </div>
   <div class='ocr_carea' id='block_1_5' title="bbox 168 4373 1277 4560">
    <p class='ocr_par' dir='ltr' id='par_1_6' title="bbox 168 4373 1277 4560">
     <span class='ocr_line' id='line_1_38' title="bbox 168 4373 1277 4465; baseline 0.006 -26"><span class='ocrx_word' id='word_1_298' title='bbox 168 4373 398 4451; x_wconf 88' lang='lat' dir='ltr'><strong>contumelias,</strong></span> <span class='ocrx_word' id='word_1_299' title='bbox 413 4375 523 4441; x_wconf 89' lang='lat' dir='ltr'><strong>locum</strong></span> <span class='ocrx_word' id='word_1_300' title='bbox 543 4377 665 4460; x_wconf 90' lang='lat' dir='ltr'><strong>quietis</strong></span> <span class='ocrx_word' id='word_1_301' title='bbox 686 4388 722 4443; x_wconf 88' lang='lat' dir='ltr'><strong>et</strong></span> <span class='ocrx_word' id='word_1_302' title='bbox 743 4388 877 4461; x_wconf 88' lang='lat' dir='ltr'><strong>tempus</strong></span> <span class='ocrx_word' id='word_1_303' title='bbox 901 4380 1049 4443; x_wconf 90' lang='lat' dir='ltr'><strong>inuenire</strong></span> <span class='ocrx_word' id='word_1_304' title='bbox 1070 4400 1136 4443; x_wconf 95' lang='lat' dir='ltr'><strong>non</strong></span> <span class='ocrx_word' id='word_1_305' title='bbox 1158 4382 1277 4465; x_wconf 91' lang='lat' dir='ltr'><strong>potuit.</strong></span> 
     </span>
     <span class='ocr_line' id='line_1_39' title="bbox 420 4487 1023 4560; baseline 0.007 -20"><span class='ocrx_word' id='word_1_306' title='bbox 420 4487 589 4557; x_wconf 70' lang='lat' dir='ltr'><strong>¹Seechap.</strong></span> <span class='ocrx_word' id='word_1_307' title='bbox 601 4504 641 4555; x_wconf 75' lang='lat'><strong>3²·</strong></span> <span class='ocrx_word' id='word_1_308' title='bbox 843 4489 946 4560; x_wconf 67' lang='lat' dir='ltr'><strong>&#39;quod</strong></span> <span class='ocrx_word' id='word_1_309' title='bbox 967 4490 1023 4545; x_wconf 84' lang='lat' dir='ltr'><strong>MS.</strong></span> 
     </span>
    </p>
   </div>
   <div class='ocr_carea' id='block_1_6' title="bbox 0 0 1608 5067">
    <p class='ocr_par' dir='ltr' id='par_1_7' title="bbox 0 0 1608 5067">
     <span class='ocr_line' id='line_1_40' title="bbox 0 0 1608 5067; baseline 0 0"><span class='ocrx_word' id='word_1_310' title='bbox 0 0 1608 5067; x_wconf 95' lang='lat' dir='ltr'><strong> </strong></span> 
     </span>
    </p>
   </div>
  </div>
 </body>
</html>
