3192 5067
378 339 449 410 294
734 315 772 390 Τ
765 325 897 391 enanis
923 315 964 389 in
989 315 1123 390 Boura
1380 313 1495 414 [soor

441 505 606 570 Henricus
635 503 714 570 Geri
753 505 784 570 in
818 506 987 588 Pynecote
1018 515 1110 569 tenet
1139 505 1207 569 duo
1243 505 1440 586 mesuagia
1466 513 1496 565 et

371 609 519 693 quinque
530 605 632 674 'acras
652 621 738 676 terre
758 608 802 674 de
823 610 923 674 feodo
943 609 1053 674 Alicie
1068 608 1111 673 de
1129 609 1313 690 Pyneoote,
1328 619 1373 672 et
1390 607 1497 673 reddit

373 713 451 779 inde
466 735 664 798 perannum
681 715 722 797 .ij.
737 714 864 779 solidos
878 735 940 798 pro
954 715 1046 778 omni
1061 714 1208 779 seruicio.

437 818 625 884 Willelmus
645 820 688 883 de
704 819 1015 902 Wrastlingworthe
1036 827 1128 882 tenet
1143 837 1245 882 vnum
1270 817 1494 900 mesuagium

372 933 406 989 et
436 925 522 988 duos
552 922 694 987 seliones
723 932 819 1000 terre,
849 933 885 986 et
913 921 1023 986 reddit
1052 921 1130 986 inde
1160 941 1219 1004 per
1247 941 1390 984 annum
1423 919 1487 1000 ‚viij

372 1028 536 1104 denarios,
573 1037 607 1092 et
643 1029 729 1092 duas
766 1027 931 1112 precarias
972 1027 1006 1090 in
1044 1035 1230 1110 autumpno
1267 1027 1314 1089 de
1358 1025 1494 1090 duabu

373 1131 566 1196 mulieribus
589 1151 648 1214 per
670 1150 772 1195 unum
796 1132 894 1197 diem.

439 1234 556 1318 Agnes
582 1233 656 1301 Sori
679 1245 771 1299 tenet
801 1255 904 1300 vnum
932 1235 1139 1318 mesuagium
1170 1245 1203 1298 et
1228 1233 1316 1297 duos
1340 1234 1491 1298 seliones

373 1348 468 1414 terre,
484 1348 519 1403 et
533 1339 643 1404 reddit
657 1360 717 1422 per
732 1359 857 1402 annum
877 1339 917 1420 .ij.
933 1339 1067 1415 solidos,
1081 1347 1116 1402 et
1131 1357 1231 1402 vnam
1247 1341 1444 1421 precariam
1459 1341 1488 1402 in

372 1455 559 1528 autumpno
574 1445 617 1509 de
632 1443 763 1508 duabus
779 1442 972 1507 mulieribus
988 1461 1165 1527 perunum
1181 1441 1279 1506 diem,

440 1549 545 1632 Hugo
555 1549 695 1613 Andreu
708 1557 801 1613 tenet
813 1549 984 1632 quoddam
997 1549 1204 1631 mesuagium
1215 1547 1259 1611 ad
1270 1547 1486 1612 voluntatem

371 1651 499 1715 domini
517 1651 645 1728 Prioris,
662 1660 697 1715 et
711 1650 822 1715 reddit
837 1650 915 1714 inde
929 1671 990 1734 per
1004 1670 1128 1713 annum
1145 1650 1186 1732 .ij.
1201 1648 1336 1715 solidos

438 1756 587 1820 Thomas
608 1756 651 1820 de
672 1756 839 1839 Cloptone
862 1757 973 1820 reddit
993 1777 1052 1839 per
1066 1775 1191 1820 annum
1208 1755 1309 1837 xviij.
1325 1755 1485 1820 denarios

371 1881 433 1952 pro
448 1869 536 1924 terra
550 1879 652 1944 quam
669 1857 801 1942 Gwydo
816 1859 1076 1924 molendinarius
1091 1867 1192 1924 tenet.

482 1963 622 2029 Summa
645 1965 753 2030 tocius
777 1965 866 2048 ‚xvij.
889 1964 986 2029 solidi
1010 1963 1117 2047 .viij.d.
1159 1962 1223 2048 [Et
1247 1962 1290 2028 de
1313 1964 1485 2049 Cloptone

546 2067 686 2132 dimidia
708 2065 842 2152 marca]

709 2395 755 2461 17.
802 2379 953 2464 [amnne
973 2380 1137 2464 (namu

316 2607 321 2614 ¹
440 2537 500 2602 Isti
523 2545 601 2601 sunt
624 2535 725 2600 libere
748 2545 901 2600 tenentes
917 2536 1039 2601 Prioris
1061 2536 1104 2602 de
1126 2536 1329 2601 Bernewelle
1351 2537 1388 2600 in
1404 2537 1485 2601 villa

373 2661 415 2725 de
439 2662 592 2725 Brunne:

439 2807 605 2870 Dominus
621 2805 770 2870 Thomas
788 2804 832 2868 de
849 2804 1022 2888 Riggesby
1037 2813 1128 2868 tenet
1145 2813 1212 2868 tres
1227 2825 1320 2868 acras
1335 2815 1432 2882 terre,
1447 2817 1482 2870 et

372 2912 482 2978 reddit
519 2910 597 2974 inde
635 2930 693 2993 per
729 2929 854 2972 annum
893 2909 960 2991 xij.
998 2909 1160 2986 denarios,
1192 2920 1227 2974 et
1258 2931 1319 2993 pro
1349 2911 1482 2975 decima

374 3016 554 3082 molendini
577 3015 618 3097 .ij.
642 3013 765 3077 solidos
788 3013 838 3096 .vj.
861 3014 1023 3078 denarios.

438 3121 606 3185 Robertus
631 3118 711 3184 Mile
734 3129 826 3184 tenet
846 3119 1017 3204 quoddam
1041 3120 1189 3184 clausum
1213 3141 1272 3204 per
1294 3129 1432 3198 cartam,
1446 3133 1481 3184 et

372 3247 430 3309 per
453 3224 654 3307 homagium,
676 3233 710 3287 et
741 3223 851 3288 reddit
880 3245 939 3309 per
968 3245 1093 3288 annum
1124 3223 1178 3306 .iij.
1201 3225 1325 3290 solidos
1347 3235 1381 3289 et
1405 3227 1480 3308 xiij.

353 3329 533 3416 denarios.

438 3432 628 3515 Margareta
666 3429 798 3512 Chyuin
837 3440 930 3494 tenet
964 3452 1064 3495 vnam
1102 3433 1266 3515 virgatam
1304 3443 1388 3497 terre
1422 3455 1482 3517 per

371 3546 498 3601 cartam
522 3544 555 3600 et
579 3555 638 3618 per
662 3533 866 3617 homagium,
892 3543 926 3599 et
949 3535 1058 3599 reddit
1081 3536 1159 3600 inde
1182 3557 1388 3619 perannum
1416 3537 1481 3620 .iiij.

372 3641 504 3705 solidos.

279 3763 295 3812 f.
313 3761 359 3813 166
438 3747 599 3829 Magister
615 3743 784 3810 Gaisridus
799 3744 842 3808 de
864 3744 984 3807 Bancis
999 3753 1092 3806 tenet
1108 3744 1192 3806 duas
1207 3764 1301 3807 acras
1318 3756 1404 3809 terre
1419 3768 1481 3830 per

371 3863 496 3918 cartam
528 3860 561 3914 et
585 3871 643 3934 per
669 3849 873 3931 homagium,
895 3859 929 3911 et
956 3848 1064 3912 reddit
1089 3851 1166 3912 inde
1191 3871 1251 3934 per
1280 3871 1407 3914 annum
1440 3852 1481 3933 .ij.

371 3956 503 4021 solidos.

437 4062 566 4144 Symon
592 4059 634 4123 de
660 4059 825 4123 Mordone
851 4069 943 4123 tenet
972 4079 1072 4122 vnam
1104 4079 1213 4122 acram
1244 4070 1278 4123 et
1303 4059 1480 4125 dimidiam

371 4176 464 4242 terre,
487 4175 520 4228 et
543 4163 654 4228 reddit
676 4163 753 4226 inde
777 4183 982 4246 perannum
1005 4163 1081 4226 ,xvi
1103 4161 1265 4227 denarios,

435 4269 606 4353 Johannes
634 4269 678 4333 de
708 4267 739 4332 le
771 4268 877 4332 Holm
907 4277 1000 4332 tenet
1037 4267 1208 4350 quoddam
1238 4267 1389 4333 clausum
1421 4291 1481 4353 per

371 4385 507 4452 cartam,
531 4384 565 4438 et
588 4375 698 4438 reddit
720 4374 797 4438 inde
820 4393 1025 4456 perannum
1050 4373 1099 4455 ,vj.
1123 4374 1285 4436 denarios.
