3192 5067
358 369 426 436 262
677 362 874 439 Hundred
895 364 944 461 os
962 364 1094 439 Slaine
1337 362 1466 462 [Boon

355 540 572 634 W[illelmus]
602 550 702 615 debet
733 549 761 632 .j.
792 560 928 627 sectam,
957 559 992 614 et
1027 550 1069 615 de
1099 551 1229 615 auxilio
1256 549 1468 615 vicecomitis

354 655 455 718 cxviii.
470 654 633 719 denarios.
679 647 765 720 Clai.
814 653 944 718 Ibidem
969 654 1110 718 Brianus
1133 655 1220 720 filius
1243 655 1346 719 Alani
1368 663 1469 719 tenet

354 751 384 842 .j'.
399 758 513 823 hidam
530 770 616 823 terre
632 779 693 842 pro
708 758 764 823 .xl.
780 767 876 842 parte
890 757 980 822 feodi
995 758 1125 823 dimidii
1147 759 1263 824 militis
1276 760 1321 823 de
1335 760 1468 823 honore

357 863 535 929 Britannie.
577 863 706 928 Ibidem
724 865 756 928 in
775 863 895 946 Queye
909 873 989 928 sunt
1003 863 1057 947 iij.
1072 864 1151 929 hide
1166 875 1200 929 et
1211 865 1351 929 dimidia
1366 874 1404 928 et
1420 883 1467 928 nc

354 988 430 1033 acre
452 978 537 1032 terre
560 967 742 1050 geldabiles
766 979 799 1032 et
815 969 866 1051 .vj.
882 967 961 1032 hide
983 978 1069 1033 terre
1091 980 1125 1033 et
1147 969 1287 1034 dimidia
1306 970 1351 1033 de
1366 967 1465 1032 liber·

354 1079 438 1138 tate¹
462 1071 610 1155 Elyensi.

430 1176 634 1242 Wilburham
658 1177 778 1260 [Little
798 1177 1029 1262 WiIbrahamJ.
1075 1179 1264 1243 Willeimus
1279 1176 1468 1242 Telemach

355 1289 447 1344 tenet
470 1279 605 1343 feodum
631 1278 662 1362 .j.
687 1279 801 1344 militis
823 1290 858 1345 et
890 1282 1056 1344 Martinus
1086 1279 1296 1346 Camerarius
1326 1278 1467 1344 feodum

354 1382 484 1447 dimidii
515 1383 629 1447 militis
659 1383 702 1448 de
733 1382 867 1449 Comite
899 1383 1043 1449 Oxonie.
1089 1385 1242 1470 Rogerus
1272 1383 1304 1448 le
1328 1381 1466 1448 Louerd

355 1487 456 1552 debet
471 1486 501 1571 .j.
517 1498 643 1552 sectam
665 1508 726 1571 pro
745 1487 922 1565 totavilla,
937 1497 972 1553 et
992 1489 1094 1554 debet
1108 1489 1189 1554 villa
1204 1507 1404 1572 perannum
1420 1486 1467 1551 de

355 1590 483 1656 auxilio
492 1592 697 1657 vicecomitis
713 1591 813 1674 hijs,
825 1601 859 1656 et
874 1592 1000 1657 ibidem
1013 1602 1092 1657 sunt
1103 1593 1169 1675 iiij.
1181 1591 1260 1657 hide
1270 1590 1466 1676 geldabiles.

356 1697 444 1763 Cla'f.

431 1799 637 1866 Wilburham
659 1801 761 1884 Regis
787 1799 906 1884 [Great
937 1800 1169 1885 WilbrahamJ.
1224 1801 1394 1865 Robertus
1420 1797 1466 1862 de

360 1904 473 1970 Insula
510 1915 602 1970 tenet
631 1905 672 1989 ‚ij.
703 1906 799 1970 hidas
834 1915 921 1971 terre
955 1906 998 1971 de
1032 1905 1159 1971 honore
1196 1905 1368 1970 britannie
1405 1925 1467 1988 per

356 2010 536 2093 socagium.
582 2010 747 2075 Radulfus
774 2009 861 2076 filius
891 2010 1031 2076 fulconis
1060 2021 1154 2077 tenet
1175 2010 1231 2075 .xl.
1256 2031 1349 2075 acras
1379 2019 1467 2074 terre

356 2114 480 2179 ibidem
497 2115 540 2180 de
557 2115 682 2180 honore
698 2115 871 2180 Britannie
887 2137 945 2200 per
959 2116 1140 2200 socagium.
1187 2115 1282 2180 idem
1300 2113 1464 2179 Radulfus

356 2218 456 2284 debet
486 2220 529 2284 de
559 2220 687 2283 auxilio
717 2220 923 2283 vicecomitis
952 2239 1013 2302 per
1041 2240 1167 2284 annum
1183 2219 1258 2285 .xd.
1304 2218 1350 2283 Et
1374 2218 1463 2282 idem

357 2322 522 2388 Radulfus
544 2334 579 2388 et
600 2325 771 2408 Johannes
794 2323 881 2388 filius
906 2323 1044 2388 Henrici
1067 2334 1183 2389 tenent
1197 2324 1227 2406 .j.
1242 2324 1357 2389 hidam
1378 2332 1466 2386 terre

356 2425 567 2510 geldabilem.
614 2427 660 2490 Et
680 2425 864 2510 Templarii
885 2436 919 2491 et
940 2426 1129 2491 Wilielmus
1154 2427 1254 2492 Pikot
1275 2435 1392 2492 tenent
1411 2425 1465 2490 ‚iii

356 2530 452 2595 hidas
489 2540 575 2595 terre
612 2550 677 2595 non
708 2530 901 2614 geldabiies,
931 2541 965 2596 et
1003 2531 1095 2597 nulla
1132 2541 1224 2596 secta
1259 2532 1399 2597 debetur
1430 2531 1464 2594 in

357 2635 578 2700 Wiiburham.

424 2738 604 2822 Swasham
637 2739 839 2825 [Swafl'ham
875 2741 1048 2826 BulbeckJ.
1108 2742 1288 2808 Comitissa
1326 2741 1464 2807 Oxonie

357 2853 449 2907 tenet
479 2843 613 2906 sendum
641 2842 669 2924 .j.
698 2843 813 2908 militis
843 2845 886 2908 de
915 2844 1041 2909 honore
1067 2844 1110 2909 de
1141 2845 1239 2910 Clare
1268 2853 1303 2909 et
1333 2844 1462 2908 nullum

357 2949 467 3014 reddit
486 2950 682 3030 scutagium.
729 2949 860 3013 Ibidem
876 2949 978 3015 debet
992 2949 1180 3014 Willelmus
1201 2949 1288 3014 filius
1307 2949 1463 3033 Mayneri

357 3053 387 3136 .j.
417 3063 551 3118 sectam.
608 3053 778 3118 Galfridus
813 3054 856 3119 ad
891 3055 1060 3120 iordbram
1097 3054 1227 3139 [debet]
1260 3054 1291 3138 .j.
1326 3063 1464 3120 sectam.

241 3159 525 3231 f.151bMartinus
555 3157 585 3221 ie
614 3157 723 3222 Blund
748 3159 851 3223 debet
878 3158 906 3241 .j.
933 3170 1059 3224 sectam
1084 3171 1118 3224 et
1143 3160 1307 3224 Ricardus
1335 3159 1402 3223 But
1427 3169 1464 3222 et

357 3262 535 3347 participes
557 3261 607 3325 sui
631 3261 659 3343 .j.
681 3271 816 3326 sectam.
864 3263 993 3328 Ibidem
1017 3265 1142 3329 debent
1162 3265 1205 3328 de
1228 3263 1355 3329 auxilio
1376 3265 1463 3327 vice-

356 3367 488 3432 comitis
518 3365 606 3448 .vij.s.
642 3366 716 3431 .x.d.
747 3388 806 3450 per
839 3388 973 3432 annum.
1032 3367 1162 3432 ibidem
1198 3380 1277 3434 sunt
1311 3391 1353 3432 .x.
1383 3368 1463 3432 hide

355 3471 547 3556 geldabiles.
593 3470 680 3536 Clai.

421 3574 504 3640 Alia
520 3575 697 3658 Swafkam
718 3575 918 3658 [Swaffham
936 3575 1051 3660 Prior].
1098 3577 1203 3660 Hugo
1218 3577 1261 3642 de
1277 3578 1462 3643 Crawdene

356 3691 449 3746 tenet
464 3680 598 3744 feodum
621 3681 649 3762 .j.
667 3679 781 3745 militis
796 3680 839 3744 de
860 3679 960 3746 feodo
978 3681 1144 3745 Hamonis
1164 3681 1298 3758 Pecche,
1314 3692 1348 3746 et
1367 3690 1463 3747 tenet

356 3786 384 3868 .j.
408 3787 521 3850 hidam
546 3795 580 3848 et
603 3783 631 3866 .j.
652 3785 865 3868 quarterium.
912 3785 1006 3850 Idem
1031 3785 1136 3870 Hugo
1156 3787 1257 3850 debet
1277 3785 1307 3869 .j.
1325 3794 1464 3864 sectam,

357 3903 390 3958 et
416 3894 459 3956 de
485 3891 613 3956 auxilio
639 3891 843 3956 vicecomitis
873 3912 932 3974 per
961 3911 1085 3955 annum
1119 3890 1217 3974 .xijd.
1246 3892 1282 3956 B.
1328 3890 1461 3954 Ibidem
1579 3892 1580 3895 ’

357 3995 549 4060 Eborardus
580 3995 610 4058 ie
642 3995 810 4079 Franceys
840 3995 943 4058 debet
972 3994 1001 4077 .j.
1030 4005 1168 4072 sectam,
1194 4004 1228 4059 et
1260 3994 1301 4059 de
1332 3995 1463 4059 auxilio

356 4101 560 4165 vicecomitis
575 4099 673 4181 .xij.d.
690 4120 748 4182 per
763 4120 898 4175 annum,
913 4107 947 4162 et
962 4099 1098 4163 teneti.
1114 4097 1236 4163 hidam.
1253 4099 1289 4162 B.
1328 4099 1462 4164 ibidem

355 4205 384 4289 J.
395 4205 481 4269 filius
493 4203 687 4286 Baidewyni
703 4203 804 4269 debet
820 4203 850 4285 .j.
865 4212 990 4267 sectam
1007 4210 1041 4267 et
1056 4203 1099 4267 de
1114 4203 1242 4267 auxilio
1258 4203 1462 4269 vicecomitis

355 4311 421 4392 .ij.s.
449 4330 507 4392 per
529 4328 664 4372 annum.
710 4307 798 4374 Clai.
845 4307 975 4372 Ibidem
1004 4307 1190 4372 Herbertus
1212 4309 1255 4372 de
1281 4308 1460 4374 Alenchun
1578 4306 1579 4325 ¹

810 4430 820 4463 ¹
838 4432 926 4492 libero,
940 4432 997 4482 MS.
