3192 5067
368 323 440 414 318
580 320 701 396 Rents
715 322 820 420 parii
839 330 874 397 to
900 322 1103 398 Barnwell
1123 322 1251 422 Abbey
1367 322 1489 422 [soon

431 508 568 574 Soiucio
584 510 776 576 reddituum
793 532 855 594 pro
870 521 957 576 terra
972 511 1016 576 de
1031 511 1226 595 Wygehale.

433 611 583 677 Domino
608 613 658 678 W.
676 614 819 679 Bardols
837 634 1046 698 perannum
1070 637 1139 680 .xx.
1162 615 1322 679 denarios
1352 625 1391 680 et
1415 637 1485 680 scu·

366 717 496 798 tagium
519 737 596 781 cum
620 719 776 782 euenerit.

433 821 521 885 Item
536 821 675 886 domino
692 821 848 906 Philippo
863 822 906 886 de
922 821 1022 885 senne
1036 822 1086 904 .vj.
1102 822 1265 888 denarios.

432 926 519 990 Item
535 926 681 1008 Johanni
697 931 740 993 de
756 929 893 993 Fittone
908 929 962 1011 iij.
978 930 1140 994 denarios.

433 1031 520 1094 Item
538 1031 640 1095 Priori
656 1035 700 1097 de
715 1033 887 1098 Westacre
902 1053 963 1096 sex
980 1032 1145 1098 denarios.

432 1133 477 1197 Et
503 1134 676 1198 sciendum
699 1137 863 1218 estquod
887 1144 975 1200 terra
1001 1136 1044 1199 de
1069 1135 1281 1219 Wygenhale
1305 1137 1479 1220 obligatur

364 1239 398 1301 in
417 1248 616 1322 perpetuum
638 1242 681 1305 ad
697 1263 740 1306 .x.
756 1261 885 1305 marcas
902 1235 1092 1324 Capelianis
1107 1242 1332 1306 uniuersitatis
1351 1243 1476 1308 Cante

364 1342 477 1424 brigie.
524 1344 570 1408 Et
592 1345 765 1409 sciendum
786 1345 877 1428 quod
902 1345 995 1410 Prior
1015 1346 1058 1411 de
1082 1346 1284 1410 Bernewelle
1304 1357 1340 1411 et
1362 1346 1475 1431 plures

364 1448 546 1530 parcenarij
574 1450 625 1512 sui
655 1449 780 1514 debent
808 1449 915 1514 iacere
944 1460 1080 1534 pontem
1111 1451 1154 1515 ad
1180 1451 1372 1533 Joneslade.
1422 1451 1474 1516 Ita

363 1562 501 1615 vocatur
530 1573 615 1635 pons
642 1552 705 1627 ille,
731 1563 769 1618 ut
794 1553 902 1618 credo
949 1555 995 1618 Et
1021 1563 1130 1618 certus
1156 1575 1230 1618 sum
1258 1555 1351 1637 quod
1381 1554 1475 1617 Prior

364 1656 427 1719 suit
453 1658 651 1721 amerciatus
677 1658 721 1722 ad
747 1659 922 1723 dimidiam
950 1677 1106 1735 marcam,
1132 1668 1165 1721 et
1192 1659 1378 1742 parcenarij
1402 1660 1474 1722 eius

363 1759 522 1835 similiter,
537 1760 616 1842 quia
630 1781 716 1843 pons
731 1760 786 1824 iile
802 1760 864 1824 fuit
880 1760 1002 1825 fractus
1017 1772 1051 1825 et
1068 1781 1133 1824 non
1150 1771 1331 1843 reparatus.

431 1862 516 1926 Item
549 1863 641 1926 Prior
670 1864 771 1928 debet
798 1863 906 1928 facere
932 1866 987 1928 ix.
1014 1864 1112 1928 rodas
1142 1885 1241 1947 super
1271 1863 1399 1929 Sedich
1431 1866 1473 1928 ad

363 1967 529 2050 thrigge
550 1969 583 2031 in
605 1968 763 2051 parochia
784 1969 908 2034 Sancte
931 1968 1038 2032 Marie
1060 1965 1180 2033 Moder
1200 1967 1335 2044 Cristes,
1350 1979 1388 2032 et
1403 1991 1474 2034 .xx.

363 2069 463 2132 rodas
478 2069 521 2132 ad
538 2068 772 2152 Gildenegore,
787 2079 822 2132 et
838 2069 880 2132 ad
898 2067 1069 2132 Pokedich
1084 2068 1160 2150 .viij.
1175 2069 1283 2132 rodas.

652 2347 702 2411 28.
746 2345 924 2429 (Redditus
939 2347 1180 2430 particulares.)

428 2475 596 2539 Redditus
618 2475 834 2560 particulares
858 2476 1062 2558 pertinentes
1085 2477 1128 2540 ad
1153 2477 1299 2540 Priorem
1322 2485 1358 2540 et
1383 2476 1472 2542 Con-

361 2595 500 2650 uentum
516 2586 559 2650 de
575 2585 785 2650 Bernewelle.

416 2724 461 2777 De
474 2723 587 2778 Abbate
599 2723 636 2778 de
649 2724 777 2777 Derham
790 2723 818 2776 in
834 2723 961 2776 Derham
1184 2722 1275 2791 .xvj.d.
1289 2739 1341 2792 per
1353 2741 1470 2778 annum.

416 2812 461 2864 De
474 2811 713 2866 Clerkennewelle
1267 2809 1367 2866 dimid
1381 2827 1470 2865 marc.

415 2898 461 2951 De
474 2897 661 2951 Waterbeche
1292 2895 1371 2966 .xij.s.
1384 2896 1468 2966 .vijni

416 2986 460 3037 De
475 2983 572 3038 Risebi
1071 2984 1156 3054 .iiij.d.
1170 2993 1197 3038 et
1211 3001 1262 3054 pro
1275 2984 1371 3038 warda
1383 2985 1468 3054 .xijd.

416 3073 450 3125 ln
464 3071 684 3140 Wyuelingham
697 3069 733 3125 de
745 3070 893 3140 mesuagio
902 3070 929 3125 le
939 3071 1079 3126 Clobbere
1092 3083 1119 3125 et
1132 3070 1295 3142 quindecim
1307 3070 1381 3125 acris
1395 3084 1469 3126 terre
1573 3067 1574 3084 ³

361 3158 446 3228 ‚iiiju
460 3174 637 3228 perannum,
651 3157 758 3213 scilicet
770 3156 848 3212 iuxta
860 3158 1035 3227 mesuagium
1048 3159 1186 3228 Johannis
1199 3157 1235 3212 de
1249 3159 1371 3212 Brunne.

247 3259 263 3308 s,
280 3259 348 3322 1771,
415 3247 460 3299 De
474 3242 597 3299 Ricardo
608 3243 636 3298 le
648 3245 745 3300 funere
757 3243 794 3298 de
808 3243 982 3299 Huntedone
1195 3243 1274 3313 .iiij.s.
1288 3259 1339 3314 per
1351 3261 1467 3300 annunt

415 3331 617 3388 DeWillelmo
630 3330 666 3386 de
680 3331 806 3387 Stiuekle
817 3330 855 3385 de
866 3331 968 3387 eadem
1407 3334 1467 3404 .ij.r.

415 3421 461 3474 De
472 3420 602 3490 Johanne
616 3419 729 3474 Pollard
741 3419 777 3474 de
791 3419 815 3472 F
816 3417 972 3488 endrayton
1261 3418 1327 3490 .xj.s.
1341 3419 1407 3490 did
1422 3423 1467 3476 ou

414 3509 461 3564 De
473 3523 557 3562 vxore
570 3508 680 3563 Thome
694 3507 785 3561 Lomb
795 3506 833 3562 de
846 3506 946 3561 eadem
1318 3508 1398 3579 ‚iiije
1412 3509 1466 3580 ,ju

414 3599 459 3653 De
471 3597 602 3667 Johanne
614 3596 650 3651 de
663 3597 778 3651 Brunne
790 3594 820 3650 in
833 3594 1042 3664 Wiuelingham
1412 3598 1430 3611 ““

414 3687 460 3741 De
472 3684 635 3739 molendino
648 3685 684 3739 de
698 3685 836 3738 Stantone

413 3771 500 3844 (quod
513 3771 672 3826 willelmus
685 3771 721 3826 de
734 3769 856 3839 Gryuele
868 3785 943 3824 nunc
956 3777 1033 3824 tenet
1045 3785 1111 3824 cum
1124 3787 1210 3824 .xxxv.
1224 3770 1298 3826 acris
1310 3770 1405 3838 tene)

414 3863 460 3918 De
473 3859 589 3916 domino
601 3858 637 3914 de
651 3859 813 3930 Ramptone
1396 3859 1465 3929 ψ,

413 3953 459 4006 De
473 3950 599 4005 Hemico
614 3949 738 4004 Bertelot
751 3947 787 4002 de
802 3946 939 4002 Coteham
1325 3946 1386 4017 ,ij.s.
1398 3947 1465 4016 .ij.ct

414 4041 458 4094 De
469 4038 601 4109 Johanne
613 4037 745 4106 Thurgar
755 4033 785 4090 in
798 4035 899 4090 eadem
1283 4031 1363 4104 ‚iiij.s.
1377 4033 1464 4104 viiju

413 4127 458 4181 De
472 4123 594 4179 Matilda
606 4123 642 4178 de
654 4122 683 4178 la
696 4122 815 4176 Marche
827 4120 863 4175 de
878 4121 1009 4190 Hystone
1385 4119 1464 4190 .vijs.
1573 4135 1574 4140 ¹

412 4216 456 4269 De
469 4213 596 4268 Henrico
608 4212 645 4267 de
658 4212 685 4265 la
699 4210 818 4264 Marche
830 4209 866 4264 de
882 4207 1022 4279 lmpitone
1381 4208 1464 4279 .xij.d.

412 4305 457 4358 De
469 4303 585 4358 Thoma
598 4300 694 4354 Letice
707 4299 743 4353 de
757 4297 929 4352 Landbeche
1390 4297 1464 4367 .vj.d.

411 4381 579 4445 DeThoma
593 4389 716 4443 Freman
727 4386 764 4442 de
777 4387 916 4440 Grettone
1163 4382 1244 4452 .xijnt
1259 4381 1338 4455 [item
1351 4383 1465 4458 quade]
