3192 5067
401 371 474 438 290
569 347 607 420 T
600 357 732 422 enanis
758 349 798 420 in
828 347 1049 446 Cambridge
1073 351 1155 423 and
1172 351 1346 425 Morden
1395 349 1497 450 [noos

465 533 645 618 Helewysa
675 535 776 600 lotrix
813 547 905 600 tenet
937 557 1040 601 vnum
1076 538 1283 619 mesuagium
1317 537 1368 602 ad
1406 535 1501 600 Darne

401 638 653 716 Nicholishithe,
675 651 710 705 et
732 641 842 704 reddit
865 643 943 706 inde
966 662 1024 724 per
1046 662 1180 705 annum.

464 743 621 827 [Summa
632 746 737 828 .xxij.·
749 743 844 828 ,iiij.⁶;
867 747 1008 812 Summa
1019 766 1224 810 summarum
1237 743 1352 810 .xxv.¹¹
1365 745 1433 827 ,ij
1445 741 1502 824 τῷ
1550 790 1551 793 ,

1306 852 1368 914 ob.
1385 847 1503 933 quadr]

467 955 512 1019 Et
532 958 703 1021 sciendum
725 959 888 1040 estquod
911 957 1172 1022 Elemosinarius
1193 967 1228 1020 et
1251 957 1504 1020 infirmariuset

401 1059 645 1124 Refectorarius
668 1060 793 1125 habent
821 1062 932 1144 plures
958 1063 1107 1126 redditus
1134 1063 1167 1124 in
1189 1060 1268 1124 villa
1291 1059 1504 1140 Cantebrigie

400 1165 583 1247 dequibus
607 1165 698 1229 nulla
718 1165 755 1230 lit
779 1169 909 1231 mencio
932 1169 965 1230 in
987 1169 1050 1231 hoc
1073 1168 1252 1242 uolumine,
1266 1167 1351 1248 quia
1376 1167 1443 1249 ipsi
1458 1183 1505 1246 per

400 1270 527 1352 seipsos
547 1279 581 1334 et
602 1291 661 1354 per
683 1272 865 1335 seruientes
883 1292 961 1334 suos
976 1271 1103 1335 faciunt
1124 1271 1271 1335 redditus
1287 1271 1388 1352 ipsos
1405 1268 1504 1331 leuari

400 1373 664 1459 Verumptamen
681 1387 790 1439 certus
808 1397 883 1440 sum
899 1377 990 1460 quod
1006 1395 1122 1439 omnes
1138 1375 1287 1439 redditus
1300 1376 1505 1457 pertinent&

400 1479 442 1541 ad
481 1498 693 1544 communam
732 1500 799 1543 non
838 1479 985 1563 plenarie
1021 1481 1075 1544 hic
1112 1479 1307 1554 scribuntur,
1347 1479 1503 1562 quoniam

400 1583 544 1666 quedam
569 1594 646 1648 sunt
670 1583 776 1668 placie
798 1605 912 1662 uacue,
933 1587 1078 1668 quedam
1102 1584 1280 1659 submerse,
1301 1595 1338 1648 et
1363 1585 1503 1666 quedam

400 1687 534 1764 incluse,
556 1688 599 1752 de
625 1689 744 1771 quibus
769 1709 828 1772 per
854 1689 977 1752 multos
1003 1709 1109 1751 annos
1133 1688 1242 1751 nullus
1268 1687 1331 1751 fuit
1359 1688 1504 1751 redditus

401 1790 538 1855 leuatus,

466 1895 513 1960 Et
528 1905 677 1979 preterea
693 1895 894 1960 Eustachius
910 1894 1074 1980 Dunning
1087 1895 1218 1959 solebat
1232 1893 1377 1958 reddere
1394 1895 1504 1958 decem

399 2002 523 2066 solidos
536 2023 594 2086 per
605 2022 730 2066 annum
741 2023 801 2084 pro
814 2001 930 2083 viginti
943 2002 1027 2065 acris
1038 2012 1124 2065 terre
1134 2011 1168 2064 et
1177 2000 1309 2064 duabus
1320 2000 1468 2084 shoppis
1478 2000 1504 2060 in

399 2104 479 2182 foro,
490 2105 580 2170 vnde
591 2105 732 2168 habetur
743 2105 832 2168 bona
847 2115 947 2169 carta
979 2105 1139 2170 Similiter
1151 2103 1307 2167 dominus
1320 2103 1505 2188 Phylippus

399 2209 442 2273 de
464 2207 577 2272 Insula
600 2209 729 2272 solebat
752 2209 890 2273 reddere
910 2211 1027 2292 viginti
1049 2208 1202 2272 denarios
1221 2229 1280 2292 per
1301 2229 1437 2273 annum
1453 2227 1506 2292 pro

399 2311 554 2376 domibus
580 2312 717 2377 Roberti
742 2313 876 2378 Seman.
925 2313 1009 2377 ltem
1036 2315 1206 2397 Johannes
1233 2312 1265 2376 le
1292 2313 1366 2376 Rus
1392 2315 1504 2397 viginti

398 2427 476 2482 octo
498 2418 622 2482 solidos
644 2419 698 2500 ‚xi
722 2419 877 2483 denarios
899 2439 959 2502 per
982 2439 1117 2483 annum.

465 2523 511 2586 Et
527 2522 636 2606 plures
651 2523 706 2606 alij
724 2523 877 2588 solebant
892 2524 1041 2589 redditus
1056 2523 1168 2607 plures
1183 2524 1321 2588 reddere
1331 2525 1395 2606 qui
1408 2525 1504 2588 modo

399 2625 647 2703 subtrahuntur,
660 2637 694 2691 et
710 2627 785 2692 ideo
800 2626 854 2691 hic
870 2647 937 2692 non
953 2629 1147 2694 scribuntur.

642 2933 689 2980 12.
734 2913 894 2980 Mordous
915 2916 1076 2998 (Guilden
1101 2916 1267 2997 Mordent

306 3098 386 3162 f.164
467 3087 527 3150 Isti
564 3099 641 3152 sunt
678 3086 771 3152 liberi
809 3097 962 3152 tenentes
1002 3088 1121 3153 Prioris
1158 3099 1192 3153 et
1229 3087 1430 3153 Conuentus
1467 3089 1505 3151 de

401 3206 610 3273 Bernewelle„
657 3207 696 3272 ln
722 3209 904 3274 Mordone:

463 3363 652 3429 Willelmus
672 3363 759 3429 filius
778 3364 942 3446 Johannis
963 3367 1007 3431 de
1028 3369 1119 3433 Cauz
1139 3376 1231 3431 tenet
1247 3367 1397 3449 quinque
1412 3388 1505 3432 acras

397 3479 482 3534 terre
504 3469 548 3533 de
570 3469 668 3534 feodo
692 3469 779 3534 Petri
802 3469 846 3534 de
868 3470 979 3534 Beche
1002 3491 1061 3553 per
1084 3471 1277 3554 homagium
1304 3481 1340 3535 et
1361 3470 1424 3535 dat
1452 3493 1506 3556 per

397 3595 520 3639 annum
545 3574 687 3657 .xviij.d.‚
709 3584 742 3638 et
765 3585 901 3649 sectam,
924 3584 959 3638 et
981 3576 1178 3658 scutagium.

464 3677 664 3743 Edmundus
684 3678 878 3762 capellanus
897 3689 990 3744 tenet
1011 3684 1054 3745 de
1069 3680 1239 3745 Willelmo
1255 3680 1389 3744 Knotes
1404 3701 1504 3745 vnam

397 3804 508 3849 acram
524 3795 610 3849 terre
625 3787 668 3848 de
683 3783 782 3848 feodo
799 3785 955 3867 Hugonis
968 3786 1011 3850 de
1023 3786 1133 3850 Broke
1148 3796 1183 3849 et
1195 3784 1384 3848 Willelmus
1396 3786 1506 3851 reddit

397 3889 475 3954 inde
490 3909 549 3973 per
564 3908 688 3954 annum
706 3889 745 3971 ij.
763 3888 896 3954 solidos.

462 3992 649 4057 Willelmus
680 3992 831 4058 Osebem
861 4001 956 4057 tenet
985 3993 1028 4058 de
1052 3993 1223 4057 Willelmo
1250 3993 1380 4057 Knotte
1404 4017 1505 4061 vnam

396 4097 570 4163 dimidiam
600 4117 711 4161 acram
742 4108 829 4161 terre
859 4098 902 4160 de
933 4096 1032 4160 feodo
1064 4096 1220 4180 Hugonis
1250 4096 1292 4160 de
1323 4096 1444 4176 Broke‚
1475 4113 1505 4165 et

396 4202 585 4268 Willelmus
608 4204 718 4267 reddit
741 4203 820 4266 inde
842 4223 902 4286 per
924 4222 1050 4266 annum
1074 4203 1174 4285 .xij.d.

463 4306 631 4372 Galfridus
648 4307 812 4372 Nekebon
829 4316 922 4370 tenet
934 4327 1034 4371 vnam
1050 4326 1161 4371 acram
1178 4317 1264 4371 terre
1279 4316 1313 4370 et
1329 4305 1502 4372 dimidiam

396 4420 430 4474 et
446 4411 554 4474 reddit
571 4409 648 4474 inde
663 4430 723 4493 per
738 4429 864 4472 annum
881 4408 964 4491 ‚iijd
