3192 5067
323 333 372 405 80
774 334 990 407 chesterton
1308 328 1428 431 [BOOK

247 520 264 569 s.
277 521 309 569 18
323 515 410 585 Regis
430 517 568 587 Johannis
590 536 676 589 quam
699 522 759 574 Rex
781 520 910 589 inspexit,
934 530 962 575 et
983 537 1034 590 per
1058 517 1320 573 consideracionem
1346 516 1430 571 Curie

323 602 417 672 Regis,
436 604 508 659 sicut
527 606 688 661 continetur
705 606 734 661 in
753 606 856 661 eodem
874 606 963 673 breui,
982 616 1010 661 et
1029 607 1126 677 quieta
1144 615 1196 660 est.

390 735 464 799 Hec
483 737 681 803 inrotulacio
703 747 861 821 queratur
882 758 958 801 cum
982 758 1118 802 necesse
1141 736 1239 801 suerit
1263 736 1295 799 in
1320 733 1428 799 rotulo

321 840 400 902 anni
432 840 523 922 regni
557 840 659 924 Regis
692 842 831 905 Henrici
864 839 920 905 filii
950 842 1054 924 Regis
1080 841 1244 924 Johannis
1270 840 1427 904 vicesimo

321 945 440 1027 quinto
461 955 496 1009 et
519 945 564 1008 ibi
588 946 781 1010 inuenietur.

158 1070 224 1110 ΗΝ
233 1082 248 1111 ·
372 1070 469 1143 [Anno
477 1073 554 1143 regni
563 1074 636 1143 regis
645 1074 777 1129 Edwardi
788 1117 794 1129 .
805 1082 899 1129 xxx0.
910 1082 961 1141 1J0.
971 1072 1138 1129 talliatasuit
1146 1074 1213 1128 villa
1220 1072 1257 1128 de
1265 1074 1429 1128 Cestertone
1466 1040 1473 1056 ι

156 1120 308 1171 sallanem·

156 1170 293 1262 mim
321 1161 550 1215 ad.xvr.libras
566 1178 617 1231 per
635 1161 817 1217 Humsridum
832 1162 869 1217 de
885 1162 1042 1217 waledene
1061 1172 1090 1217 et
1110 1162 1201 1217 socios
1219 1178 1285 1216 suos
1302 1170 1354 1217 etc.
1392 1160 1429 1214 Et

157 1270 182 1311 tn
194 1281 268 1321 1³⁰³-
322 1248 488 1303 Vicecomes
506 1248 747 1318 Cantebngieusis
763 1250 870 1305 leuauit
887 1250 994 1305 dictum
1012 1249 1168 1319 talliagium
1185 1249 1222 1304 ad
1237 1264 1309 1319 opus
1322 1245 1428 1301 domini

157 1331 215 1372 ¹³⁰⁴·
323 1337 416 1406 Regis.
455 1336 512 1392 Sed
531 1338 662 1391 canonici
681 1340 717 1392 de
739 1339 909 1393 Bemewelle
934 1338 1092 1393 habuerunt
1117 1337 1183 1393 inde
1204 1337 1359 1393 remedium
1379 1352 1430 1405 per

321 1424 378 1477 duo
395 1425 494 1479 breuia
512 1424 605 1494 Regis
644 1426 773 1496 Quorum
792 1437 917 1480 tenorem
937 1424 1045 1496 require
1064 1426 1092 1478 in
1112 1424 1249 1495 principio
1267 1424 1349 1479 huius
1365 1422 1429 1477 libri

321 1520 388 1565 ante
407 1512 609 1566 Kalendarium
629 1511 676 1566 vbi
696 1512 810 1582 ponitur
828 1513 882 1567 hoc
903 1513 1015 1583 signum
1032 1515 1095 1576 θ’.
1133 1513 1171 1566 Et
1196 1528 1245 1581 per
1269 1511 1428 1566 considera-

320 1598 431 1654 cionem
445 1599 530 1654 Curie
542 1600 671 1654 canonici
685 1600 826 1669 predictas
839 1612 892 1654 xvl
905 1600 992 1654 libras
1004 1600 1130 1670 plenarie
1142 1596 1380 1671 recuperauere¹.]

245 1756 262 1806 t
276 1757 307 1805 28
337 1757 383 1819 13.
430 1736 528 1817 Quod
545 1739 727 1805 Excltaetor
745 1740 847 1823 Regis
869 1740 1018 1804 talliauit
1038 1741 1154 1805 villam
1174 1738 1214 1803 de
1235 1740 1417 1807 Cestertone.

158 1876 308 1978 ῗίῗῖξῆὴᾶχ.
388 1877 584 1941 Exchaetor
606 1878 733 1941 domini
757 1877 860 1959 Regis
881 1878 962 1941 citra
985 1877 1154 1953 Trentam,
1175 1876 1363 1940 Willelmus
1386 1875 1429 1939 de

157 1978 272 2069 ξέξίξξξ
324 1982 480 2045 Hortone
496 1982 639 2057 nomine,
652 1983 745 2046 Prior
756 1982 912 2047 videlicet
924 1983 967 2045 de
979 1981 1257 2065 Wymundhaml,
1268 1982 1428 2045 circuibat

156 2077 299 2179 ffiffm'·
322 2106 382 2168 per
403 2086 553 2149 diuersos
575 2087 754 2150 comitatus
777 2085 821 2149 ad
844 2086 1021 2150 talliandas
1044 2086 1140 2151 villas
1168 2086 1279 2169 Regis.
1325 2085 1428 2149 Venit

158 2177 309 2279 ξᾞξξῄῖῶἳξ
322 2209 402 2272 ergo
417 2192 460 2255 ad
476 2190 590 2255 villam
607 2191 821 2273 Cantebrigie
836 2200 869 2255 et
885 2189 1027 2255 talliauit
1043 2211 1127 2255 eam.
1168 2191 1307 2255 Vocatis
1321 2192 1427 2254 eciam

157 2278 272 2370 QZ.
322 2314 433 2357 coram
458 2315 494 2358 se
516 2293 707 2359 hominibus
731 2294 774 2359 de
800 2294 1005 2369 Cestertone,
1030 2293 1173 2359 talliauit
1196 2294 1308 2359 villam
1337 2294 1427 2358 illam

158 2385 210 2419 ¹⁰¹¹·
322 2407 495 2482 tamquam
522 2398 726 2463 dominicum
755 2397 858 2482 Regis
885 2399 950 2463 ad.
968 2413 1040 2462 XV.
1057 2398 1164 2463 librae.
1213 2398 1289 2462 Hoc
1316 2407 1427 2463 autem

323 2500 400 2565 fecit
421 2502 454 2565 in
476 2501 567 2565 Aula
590 2502 772 2585 Hospitum
793 2502 837 2566 de
859 2501 1069 2581 Bernewelle,
1084 2512 1119 2566 et
1139 2502 1185 2566 ibi
1207 2502 1337 2567 iacebat
1352 2522 1427 2567 cum

322 2619 415 2669 .xl11
432 2606 549 2688 ‚equis
585 2606 733 2669 totaliter
762 2606 805 2669 ad
836 2615 990 2690 sumptus
1025 2606 1168 2685 Prioris;
1206 2616 1240 2671 et
1270 2607 1302 2670 in
1333 2615 1429 2670 tanta

322 2709 511 2773 reuerencia
537 2709 739 2793 suscipiebat
766 2730 843 2773 eum
872 2707 975 2787 Prior,
1001 2710 1090 2792 quod
1119 2710 1189 2773 eius
1217 2709 1429 2774 marescallus

323 2813 458 2877 intrauit
469 2814 668 2895 granarium,
677 2822 712 2877 et
725 2814 879 2878 manibus
888 2814 956 2877 suis
968 2814 1108 2897 propriis
1118 2813 1212 2879 dedit
1224 2814 1427 2898 prebendam

322 2918 416 2999 equis
437 2917 563 2980 domini
584 2917 644 2982 sui.
689 2915 844 2982 Audiens
864 2928 976 2982 autem
1000 2918 1092 2983 Prior
1112 2918 1202 3002 quod
1224 2919 1354 3003 hospes,
1370 2940 1428 2983 ex·

322 3020 459 3083 chaetor
482 3020 645 3096 videlicet,
670 3020 832 3085 talliasset
862 3021 1014 3085 homines
1043 3042 1123 3086 suos
1152 3024 1195 3087 de
1226 3022 1430 3101 Cestertone,

322 3124 480 3208 opposuit
505 3143 542 3187 se
567 3124 681 3188 dicens
711 3125 800 3208 quod
829 3125 893 3190 hoc
918 3125 1027 3190 facere
1053 3126 1096 3190 de
1123 3127 1192 3190 iure
1218 3146 1285 3191 non
1312 3127 1430 3211 potuit,

323 3230 402 3313 quia
441 3227 518 3293 Rex
555 3228 668 3293 villam
706 3229 798 3293 illam
837 3250 914 3294 cum
955 3230 1111 3295 omnibus
1153 3230 1360 3296 libertatibus
1396 3242 1430 3296 et

324 3333 537 3416 pertinencijs
580 3335 649 3398 suis
693 3343 902 3400 concesserat
953 3335 1056 3398 Priori
1101 3344 1135 3399 et
1176 3335 1344 3401 canonicis
1388 3338 1431 3401 de

325 3437 525 3501 Bernewelle
567 3459 629 3522 pro
674 3448 766 3503 certa
803 3436 900 3503 firma
942 3438 1113 3503 reddenda
1149 3439 1193 3504 ad
1229 3441 1430 3505 scaccarium

324 3542 579 3625 inperpetuum⁸.
626 3542 672 3607 Et
702 3542 804 3625 paulo
835 3552 910 3626 post
941 3543 1088 3607 ostendit
1115 3544 1145 3607 ei
1172 3554 1300 3608 cartam
1329 3544 1431 3626 Regis

323 3645 401 3710 inde
427 3645 622 3711 confectam.
669 3645 816 3711 Clericus
843 3666 923 3712 uero
953 3646 1163 3711 exchaetoris
1194 3647 1276 3729 legit
1306 3656 1430 3711 cartam

324 3750 414 3813 illam
451 3751 484 3814 in
521 3751 702 3826 audiencia,
736 3760 770 3815 et
806 3752 919 3815 statim
956 3752 1138 3817 exchaetor
1173 3752 1261 3835 cepit
1297 3772 1433 3841 querere

323 3856 514 3919 occasiones
543 3856 637 3940 quasi
668 3856 711 3921 ad
742 3856 974 3921 euacuandum
1011 3866 1136 3920 cartam
1175 3856 1287 3939 Regis,
1317 3857 1431 3921 dicens

322 3960 413 4043 quod
436 3970 573 4044 propter
594 3970 721 4026 cartam
745 3960 836 4025 illam
861 3980 927 4025 non
951 3962 1120 4025 omitteret
1143 3961 1223 4044 quin
1245 3961 1430 4045 talliagium

372 4092 381 4125 ¹
399 4093 506 4145 Written
517 4101 544 4144 at
555 4094 598 4144 the
608 4093 662 4144 ioot
673 4095 703 4144 ol
717 4094 761 4145 iol.
774 4095 831 4158 27b
842 4095 868 4145 in
884 4095 1024 4145 adillerent
1036 4094 1111 4146 hand.
1146 4096 1202 4146 The
1213 4096 1348 4147 document
1364 4110 1432 4145 men·

323 4178 408 4227 tioned
420 4177 442 4227 is
452 4194 486 4227 no
498 4176 585 4241 longer
597 4185 623 4227 to
634 4179 667 4227 be
679 4176 765 4227 found.
799 4178 857 4227 ‘l'be
868 4176 921 4229 leaf
936 4177 1044 4228 ‘'beiore
1056 4177 1099 4228 the
1111 4176 1256 4229 Calendar¹'
1268 4178 1290 4228 is
1304 4178 1334 4227 ol
1345 4192 1431 4243 papcr,

322 4260 459 4394 αῃᾶῖῃῖῙῗεε
460 4277 532 4394 rPrior
537 4342 567 4393 ol
570 4342 813 4408 Wymondhamwas
819 4344 956 4409 appointed
964 4343 1093 4394 eschaetor
1101 4342 1247 4409 aoJanuary
1258 4342 1432 4407 1267—8.and

324 4428 449 4480 remained
462 4428 487 4476 in
499 4426 571 4476 oilice
581 4426 644 4476 until
657 4424 672 4476 6
683 4426 746 4476 Dec.
763 4426 825 4477 126⁸
834 4426 906 4476 when
918 4426 951 4476 he
963 4442 1014 4475 was
1025 4426 1162 4476 succeeded
1170 4427 1205 4489 by
1214 4426 1282 4491 John
1291 4427 1316 4475 le
1328 4426 1431 4489 Moyne.

371 4510 382 4543 ²
399 4512 430 4563 In
441 4510 484 4562 the
495 4510 592 4575 margin
602 4526 644 4561 are
655 4509 699 4560 the
710 4509 792 4560 words
803 4509 871 4559 Nota
882 4516 957 4559 totam
969 4509 1034 4558 hanc
1045 4509 1184 4559 historiam.
