3192 5067
691 382 875 481 January

461 568 569 627 Pnina
582 568 642 627 dies
655 571 760 629 mensis
773 578 803 629 et
814 570 933 646 sepum
946 576 1065 628 truncat
1076 567 1204 627 utensis.

462 668 570 727 Prima
583 670 643 727 dies
657 688 736 728 nona
749 677 825 728 nocet
836 670 910 729 hora
922 668 1043 745 septima
1056 668 1170 743 quatita.

175 913 187 951 1
252 894 282 972 iij
303 898 332 957 A
365 804 512 958 KL
548 895 676 972 Januai'.
719 891 902 960 Gittnmtisi·
922 890 1026 957 tentat
1045 892 1145 971 nupt:
1165 892 1282 957 tune.

172 1037 188 1075 2
305 1020 325 1078 b
374 1020 415 1098 iiij
432 1023 511 1083 Non.
549 1023 616 1081 Oct.
630 1018 726 1080 sancti
740 1020 895 1099 Stephani.
938 1018 968 1096 iij
985 1020 1094 1079 lccum
1109 1018 1137 1079 ix
1151 1030 1228 1097 pset
1241 1038 1310 1079 cum
1327 1018 1356 1077 ix
1369 1038 1395 1077 a

171 1136 189 1192 3
252 1119 281 1194 xj
310 1138 327 1177 c
387 1120 417 1197 iij
434 1123 514 1182 Non.
552 1120 620 1182 Oct.
637 1118 732 1180 sancti
750 1116 906 1196 Johannis
949 1120 1058 1178 Sancte
1072 1118 1229 1179 Genouefe
1247 1113 1366 1194 virginis
1386 1115 1417 1192 iij

596 1218 708 1277 lecum
723 1218 751 1275 ix
765 1229 828 1278 aet
842 1216 871 1276 ix
885 1236 928 1294 ps.

171 1330 190 1382 4
305 1311 324 1370 d
395 1311 414 1389 ij
430 1314 511 1373 Non.
548 1312 617 1373 Oct.
630 1322 802 1371 sanctorum
819 1309 1035 1372 Innocencium
1050 1309 1081 1369 iii
1096 1311 1124 1369 lc
1138 1329 1207 1370 cum
1219 1309 1277 1371 ixa
1290 1318 1320 1370 et
1331 1308 1359 1367 ix
1373 1327 1416 1385 ps.

171 1424 187 1484 5
232 1407 325 1469 xixe
407 1413 514 1471 Nonas
551 1413 619 1473 Oct.
636 1408 732 1471 sancti
746 1411 851 1471 thome
864 1408 895 1487 iij
911 1411 939 1470 lc
954 1428 1023 1469 cum
1038 1410 1100 1468 ixa
1114 1420 1144 1469 et
1157 1406 1187 1469 ix
1201 1428 1246 1487 ps.

170 1506 187 1561 6
228 1502 277 1595 xiij
317 1506 331 1563 s
365 1505 475 1583 viide
553 1504 718 1587 pintana
738 1502 841 1566 tentat
860 1505 960 1582 suplex
980 1505 1093 1570 [estun.

172 1617 187 1675 7
306 1623 325 1680 g
373 1602 412 1681 vij
430 1606 475 1665 Id.
554 1605 657 1666 Clanis
678 1606 887 1682 Septuagesime
906 1605 936 1663 si
954 1624 1012 1663 uon
1031 1612 1073 1663 est
1091 1604 1224 1664 bisextus.

170 1701 189 1757 8
230 1703 322 1777 xvjA
387 1704 413 1779 vj
431 1703 477 1763 Id.
553 1704 591 1765 Si
607 1712 649 1765 est
667 1706 793 1765 bisextus
814 1705 861 1765 lu‘c
877 1712 920 1763 est
938 1706 1037 1764 clauis.

171 1818 190 1875 9
255 1800 326 1858 vb
395 1820 414 1859 v
428 1801 475 1861 Id.
550 1803 622 1861 Post
638 1804 827 1880 epiphaniam
847 1808 904 1862 tres
918 1804 1037 1879 prx'mas
1056 1822 1113 1861 esse
1133 1809 1238 1861 notato.

152 1916 189 1955 10
305 1916 322 1955 c
370 1894 412 1975 iiij
429 1899 474 1959 ln
547 1900 665 1976 Semper
684 1902 716 1959 in
736 1908 864 1959 extranca
885 1901 999 1959 domini
1016 1902 1071 1959 lux
1091 1900 1178 1959 teretia
1192 1900 1305 1977 pascha
1325 1908 1373 1959 est.

151 2014 185 2054 11
229 1992 326 2071 xiijd
381 1994 411 2073 iij
429 1998 475 2058 Id.

152 2113 187 2151 11
258 2091 325 2170 ije
391 2094 411 2172 ij
428 2096 472 2156 Id.
558 2140 564 2150 .

152 2211 188 2267 13
314 2195 329 2252 i
429 2194 502 2254 Idus
547 2196 615 2256 Oct.
628 2191 798 2272 epiphanie.
841 2190 944 2253 Sancti
958 2191 1063 2269 hillarij
1076 2190 1211 2271 episcopi
1221 2192 1252 2271 iij
1265 2193 1364 2255 medie
1377 2194 1414 2254 lc.

152 2309 188 2361 14
261 2310 278 2348 x
306 2310 325 2367 g
365 2290 413 2350 xix
429 2293 496 2351 KaL
514 2292 660 2351 Februar’.
699 2290 801 2352 Sancti
812 2288 907 2351 felicis
915 2288 1072 2367 presbiteri
1080 2300 1111 2351 et
1120 2290 1307 2352 confessoris
1338 2290 1415 2369 iijlc.

154 2404 187 2464 15
298 2390 325 2447 A
343 2388 412 2467 xviij
430 2392 497 2450 Kal.
531 2388 653 2451 Sancti
674 2388 769 2449 mauri
791 2388 908 2449 abbatis
929 2386 960 2465 iij
982 2389 1018 2449 lc

154 2490 188 2545 16
210 2484 278 2563 xviij
305 2487 325 2546 b
351 2486 409 2565 xvij
426 2490 494 2549 Kal.
548 2488 651 2550 Sancti
672 2487 805 2550 marcelli
825 2487 917 2567 pape¹
941 2500 972 2549 et
993 2487 1127 2549 martiris.
1170 2486 1200 2566 iij
1223 2490 1259 2549 lc.

152 2602 187 2659 17
237 2582 277 2661 vij
306 2604 323 2643 c
359 2586 406 2662 xvj
424 2588 492 2645 Kal.
546 2584 648 2647 Sancti
668 2587 783 2664 antonij
807 2586 945 2647 monachi
967 2584 998 2664 iij
1021 2588 1056 2646 lc.

153 2688 188 2743 18
304 2686 325 2746 d
374 2706 411 2746 xv
426 2688 495 2747 Kal.
549 2690 659 2749 Sancte
687 2688 784 2766 prisce
815 2686 935 2765 virginis
964 2699 994 2748 et
1022 2686 1148 2748 martiris
1176 2692 1255 2749 corii.
1307 2689 1362 2749 Sol
1386 2691 1416 2747 in

630 2789 763 2865 aquario.

153 2904 189 2959 19
241 2905 278 2943 xv
306 2905 323 2946 e
348 2884 409 2962 xiiij
426 2888 494 2946 Kal.
548 2889 726 2949 Sanctorum
749 2887 840 2948 marie
862 2898 892 2947 et
914 2886 1029 2946 marthe
1050 2884 1211 2945 martirum.
1254 2883 1284 2962 iij
1307 2885 1343 2945 lc.

151 3003 189 3041 1ο
234 2981 274 3059 iiij
313 2985 329 3042 f
360 2982 411 3061 xiij
427 2986 496 3045 Kal.
550 2988 727 3048 Sanctorum
748 2985 860 3047 fabiani
881 2998 911 3047 et
932 2982 1093 3045 sebastiani
1115 2983 1276 3043 martirum.
1319 2985 1404 3045 ixlc.

151 3102 184 3140 21
306 3102 325 3161 g
370 3082 408 3161 xij
427 3085 493 3143 Kal.
547 3087 657 3145 Sancte
667 3084 792 3163 Agnetis
806 3083 927 3161 virginis
941 3094 971 3146 et
985 3081 1111 3143 martiris
1124 3102 1286 3143 commune
1297 3083 1413 3143 festum.

151 3199 186 3239 22
238 3178 275 3257 xij
296 3183 324 3240 A
381 3182 409 3257 xj
427 3183 494 3241 Kal.
548 3180 654 3252 5111111
676 3178 791 3245 starent
812 3179 937 3246 1111111111
957 3196 1098 3244 tannim
1118 3180 1232 3246 [111111.

151 3296 186 3353 13
260 3278 324 3355 jb
392 3300 411 3338 x
427 3280 495 3341 Kal.

151 3397 188 3449 24
306 3396 323 3437 c
381 3378 410 3438 ix
426 3381 494 3439 Kal.

150 3492 185 3553 25
247 3474 322 3535 ixd
356 3474 407 3554 viij
424 3480 492 3539 Kal.
546 3478 706 3545 1111111111
728 3476 818 3545 sanct
837 3477 917 3557 panti
937 3493 1080 3539 1111111111
1100 3478 1215 3543 tatum.

151 3575 186 3632 26
304 3591 322 3633 e
367 3572 405 3651 vij
423 3576 491 3636 Kal.

150 3688 184 3747 ²7
214 3668 271 3748 xvij
312 3671 326 3730 f
376 3674 405 3749 vj
422 3675 490 3734 Kal.
545 3673 647 3735 Sancti
667 3673 780 3752 Juliani
801 3673 936 3753 episcopi
956 3686 987 3736 et
1007 3674 1186 3737 confessoris
1207 3673 1237 3735 ix
1258 3676 1295 3735 lc.

150 3773 186 3829 28
245 3769 323 3848 ng
391 3791 410 3830 v
424 3772 492 3832 Kal.
546 3774 654 3835 Sancte
675 3772 801 3851 Agnetis
821 3774 957 3835 secundo
977 3772 1009 3851 iij
1030 3776 1059 3836 lc
1080 3794 1150 3835 cum
1170 3773 1200 3836 ix
1220 3795 1238 3835 a
1258 3784 1289 3836 et
1310 3774 1338 3834 ix
1359 3793 1403 3852 ps.

150 3888 186 3945 29
297 3870 326 3928 A
366 3866 408 3946 iiij
425 3872 494 3931 Kal.

146 4084 181 4141 3¹
243 4063 323 4142 iijc
389 4063 408 4142 ij
425 4067 493 4127 Kal.

458 4202 532 4261 Nox
551 4202 637 4262 habet
654 4203 743 4263 horas
762 4204 824 4280 xvj.
868 4204 944 4263 Dies
963 4203 1025 4280 vtij'.

452 4299 626 4377 januarius
647 4301 731 4360 habet
749 4302 809 4361 dies
828 4303 917 4377 xxxj.
961 4302 1051 4361 Luna
1072 4321 1149 4361 xxx.

459 4444 468 4478 ¹
486 4448 555 4499 Here
573 4450 623 4499 and
640 4450 775 4501 elsewhere
787 4458 854 4516 pape
870 4450 915 4502 1111
931 4451 995 4501 been
1011 4452 1106 4503 erased.

1256 4562 1330 4603 1-2
