3192 5067
97 331 177 435 vn]
408 335 534 433 Odrey,
563 337 724 422 Pz’ncote,
762 337 799 409 T
793 336 915 410 adlow
1136 360 1205 431 ²93

423 653 468 720 15.
515 639 708 723 [Oddesethe
729 640 888 724 (onan

166 787 219 850 De
234 787 372 852 decimis
388 788 430 852 de
447 787 640 854 Oddesethe
655 809 755 853 vnam
772 810 928 854 marcam.

167 895 220 958 De
236 895 357 959 vicaria
372 895 414 959 de
431 894 596 959 Mordone
612 917 672 978 pro
687 896 849 978 pensione
863 915 963 959 vnam
982 915 1135 959 marcam.

168 996 221 1060 De
239 997 376 1061 decimis
398 996 579 1061 molendini
600 999 642 1062 de
665 998 830 1062 Mordone
850 998 892 1080 .ij.
915 997 1039 1062 solidos
1062 997 1113 1079 .vj.
1133 997 1207 1081 [de-

97 1102 233 1188 nariosl,
248 1111 282 1166 et
297 1122 359 1185 pro
373 1101 489 1166 hulmo
503 1102 600 1184 ‚iiij.d.

167 1204 221 1268 De
236 1204 354 1268 eadem
370 1205 492 1269 vicaria
508 1225 568 1287 pro
584 1205 730 1287 quadam
746 1204 850 1269 domo
865 1226 923 1288 per
938 1225 1062 1269 annum
1079 1205 1169 1288 iiijs.

168 1309 213 1373 Et
235 1307 406 1372 sciendum
430 1317 482 1372 est
504 1310 594 1391 quod
618 1329 735 1372 omnes
758 1310 899 1393 predicti
924 1309 1205 1392 consuetudinarii

98 1415 227 1480 debent
255 1416 335 1481 dare
364 1434 554 1498 gersumam
585 1435 646 1499 pro
677 1413 808 1478 filiabus
838 1414 907 1478 suis
938 1416 1145 1492 maritandis,
1173 1424 1209 1479 et

98 1520 253 1585 talliandi
276 1529 355 1583 sunt
379 1519 420 1583 ad
445 1519 652 1583 voluntatem
677 1520 806 1583 Prioris.

210 1624 352 1690 Summa
367 1623 431 1705 iiij.
447 1623 529 1688 libre
544 1623 636 1706 xiiij.
651 1622 749 1688 solidi
764 1623 840 1706 .viij.
854 1623 991 1687 denarii.

211 1730 352 1796 Summa
372 1729 485 1792 totalis
501 1728 608 1791 tocius
624 1727 774 1792 redditus
790 1729 931 1811 predicti
947 1727 1012 1810 iiij.
1029 1727 1111 1792 libre
1126 1728 1208 1792 .xix.

274 1832 371 1896 solidi
395 1831 468 1914 .viij.
491 1831 627 1896 denarii.

210 1937 351 2003 Summa
366 1956 533 2019 caponum
549 1946 583 2000 et
601 1937 802 2020 gallinarum
823 1936 932 2019 ‚xxij.¹
978 1937 1024 2001 Et
1044 1937 1210 2021 quolibet¹

274 2040 421 2106 secundo
443 2061 533 2105 anno
554 2041 649 2124 .xxjj.

211 2149 353 2213 Summa
367 2167 507 2210 ouorum
524 2168 641 2211 .xxxu
657 2148 769 2231 precio
785 2147 814 2230 .j.
830 2146 967 2230 denarij.

169 2254 214 2316 Et
240 2254 411 2315 sciendum
435 2250 598 2333 estquod
624 2250 716 2314 Prior
738 2259 772 2315 et
794 2260 980 2314 conuentus
1003 2250 1104 2313 nichil
1126 2249 1209 2314 dant

101 2355 200 2420 alicui
230 2374 289 2437 per
319 2373 444 2417 annum
471 2373 532 2435 pro
562 2353 728 2436 predictis,
758 2363 810 2418 set
839 2353 998 2437 quicquid
1023 2352 1149 2418 habent
1174 2354 1208 2419 in

104 2461 269 2525 Mordone
292 2465 343 2522 est
366 2477 449 2540 pura
471 2467 505 2521 et
527 2467 689 2540 perpetua
711 2458 901 2524 elemosina

168 2562 468 2649 [Gyldenmordon.
514 2561 683 2626 Tenentes
714 2564 835 2627 Prioris
864 2564 908 2627 de
939 2564 1142 2629 Bernewelle
1166 2568 1209 2629 de
1224 2598 1323 2640 run-⁴2

104 2669 203 2734 leodo
233 2667 275 2732 de
302 2666 538 2730 Bokesworthe
566 2666 689 2731 ibidem
721 2688 811 2732 anno
840 2689 909 2732 .xx.
942 2668 1045 2752 Regis
1071 2669 1208 2734 Henrici

105 2775 202 2838 sexti.
253 2771 417 2836 Ricardus
435 2773 543 2854 Peryn
560 2792 618 2854 per
638 2792 763 2836 annum
779 2771 885 2854 ,xiijn
897 2772 994 2853 ,iiij.d.
1042 2773 1209 2839 Robertus

106 2879 249 2962 Morgon
265 2897 324 2960 per
344 2895 469 2939 annum
485 2896 548 2939 .vs.
596 2875 761 2939 chricus
783 2876 901 2940 Earles
918 2897 978 2960 per
992 2897 1118 2941 annum
1134 2878 1210 2960 .vjs.

105 2984 210 3069 ‚viij.d.
249 2981 448 3066 Wyllelmus
464 2980 584 3046 Somer
598 3001 658 3064 per
672 3000 796 3045 annum
814 3002 876 3045 .vs.
918 2979 1061 3046 Summa
1075 2983 1209 3068 .xxx.s.]

232 3227 277 3289 16.
324 3223 493 3308 [Pynecote
514 3220 686 3302 (Pincote),
714 3219 881 3284 Tadelowe
902 3218 1095 3301 (Tadlow).]

171 3371 231 3436 Isti
252 3380 329 3435 sunt
353 3378 504 3434 tenentes
525 3369 645 3432 Prioris
666 3367 708 3432 de
726 3366 927 3430 Bernewelle
943 3367 977 3430 in
994 3368 1162 3450 Pynecote
1178 3373 1212 3429 et
1225 3375 1244 3430 t
1256 3375 1327 3439 1651>

108 3491 284 3557 Tadelowe
297 3515 304 3554 :

170 3634 357 3700 Willelmus
394 3633 437 3697 de
475 3632 657 3697 Assewelle
694 3634 727 3696 in
766 3631 946 3696 Tadelowe
984 3641 1076 3696 tenet
1111 3651 1211 3696 vnam

108 3741 256 3816 croltam,
273 3750 306 3804 et
323 3739 431 3804 reddit
447 3739 525 3804 inde
545 3759 605 3823 per
620 3757 745 3802 annum
761 3738 827 3820 iiij.
842 3737 968 3801 solidos
984 3737 1012 3818 .j.
1029 3737 1211 3802 denarium.

171 3845 342 3927 Johannes
366 3844 524 3907 Bercator
546 3850 639 3906 tenet
661 3842 809 3925 quinque
831 3861 925 3906 acras
946 3849 1031 3905 terre
1050 3840 1093 3906 de
1113 3840 1213 3906 feodo

112 3951 266 4035 Hugonis
286 3950 394 4014 clerici
415 3969 474 4034 per
494 3948 698 4031 homagium,
716 3957 750 4011 et
773 3948 883 4012 reddit
905 3946 984 4011 inde
1006 3967 1067 4030 per
1088 3967 1213 4012 annum

109 4080 145 4122 .v.
167 4053 330 4120 denarios.

174 4160 266 4224 Prior
280 4159 324 4223 de
340 4157 575 4223 Chikesaunde
590 4159 623 4220 in
641 4157 821 4222 Tadelowe
836 4158 937 4222 debet
957 4157 1097 4241 singulis
1119 4157 1215 4222 annis

112 4287 169 4350 pro
184 4263 321 4329 decimis
338 4263 402 4326 leni
419 4272 453 4326 et
470 4262 650 4325 molendini
667 4249 815 4344 quinque
830 4260 963 4324 solidos.

380 4415 387 4446 ¹
407 4415 467 4481 xxj„
483 4417 538 4468 MS.
705 4416 715 4447 ²
731 4419 871 4483 quodlibet,
885 4419 943 4469 MS.
