3192 5067
355 363 428 434 304
713 341 750 414 T
744 350 876 415 enanis
902 342 952 414 z'n'
970 341 1121 416 Barton
1348 341 1471 442 [Boox

352 526 520 609 predictos
542 529 711 604 terminos,
734 529 822 594 sicut
855 529 1021 594 Henricus
1044 528 1135 612 Toly
1165 529 1252 606 iacit,
1277 539 1313 594 et
1344 529 1471 595 sacient

353 631 488 696 easdem
512 652 632 716 operas
660 633 747 697 sicut
774 633 940 698 Henricus
970 633 1066 719 Toly.
1114 633 1160 698 Et
1190 633 1360 700 Ricardus
1386 635 1469 699 Mile

352 738 520 820 usquead
549 736 672 803 Gulam
695 738 851 821 Augusti.
900 739 985 803 Item
1016 761 1037 804 a
1059 737 1148 803 Gula
1172 739 1318 822 Augusti
1343 759 1406 822 per
1428 762 1466 804 .v.

352 841 558 923 septimanas
580 844 756 926 autumpni
772 841 827 925 iij.
847 863 975 926 operas
991 855 1024 908 et
1046 853 1132 928 post,
1147 864 1252 928 vsque
1271 843 1314 908 ad
1339 843 1464 908 festum

352 945 467 1011 Sancti
486 946 669 1022 Michaelis,
685 947 835 1031 qualibet
855 949 1043 1032 septimana
1059 949 1098 1032 .ij.
1116 969 1244 1032 operas,
1259 947 1321 1012 nisi
1338 947 1464 1012 festum

351 1049 546 1132 impedierit.
593 1049 639 1115 Et
669 1050 712 1114 ad
742 1052 885 1134 primam
916 1053 1099 1135 precariam
1131 1052 1163 1114 in
1190 1061 1382 1136 autumpno
1411 1053 1463 1132 ‚vj.

350 1151 503 1218 homines
523 1155 595 1218 sine
614 1156 699 1232 cibo,
719 1164 753 1219 et
775 1156 818 1219 ad
840 1155 1023 1220 secundam
1040 1156 1221 1240 precariam
1237 1154 1291 1237 .vj.
1307 1155 1464 1220 homines

350 1255 394 1319 ad
410 1255 522 1322 cibum
537 1258 666 1323 domini
683 1259 812 1322 Prioris

418 1361 464 1424 Et
487 1363 740 1428 memorandum
763 1361 854 1446 quod
886 1363 1026 1447 predicti
1051 1362 1243 1445 customarij
1267 1362 1396 1427 debent
1418 1365 1462 1427 ad

351 1466 513 1530 auxilium
551 1467 679 1531 domini
718 1467 839 1531 Prioris
874 1469 916 1531 ad
949 1468 1069 1532 festum
1101 1467 1225 1534 Sancte
1256 1468 1464 1533 Etheldrede

352 1570 500 1655 Virginis
522 1571 587 1654 iiij.
610 1569 744 1648 solidos,
769 1581 804 1637 et
827 1573 917 1656 quod
941 1572 1136 1638 herciabunt
1158 1593 1217 1656 per
1242 1593 1345 1637 vnum
1371 1575 1461 1638 diem

351 1684 502 1758 tempore
513 1674 667 1760 hyemali,
679 1684 714 1740 et
725 1697 785 1760 per
794 1697 897 1740 vnum
911 1677 999 1742 diem
1016 1686 1167 1760 tempore
1178 1678 1462 1760 quadragesimali

351 1778 541 1862 sumptibus
561 1779 629 1843 suis
649 1779 792 1863 proprijs
812 1781 840 1843 si
860 1779 1006 1845 habeant
1026 1801 1149 1864 equum
1166 1800 1263 1844 suum
1279 1781 1463 1864 proprium,

351 1891 385 1945 et
401 1881 585 1946 auerabunt
600 1882 697 1948 sicuti
712 1882 866 1948 homines
882 1885 1009 1949 domini
1026 1885 1159 1948 Thome
1175 1884 1339 1950 Maunsel.

1023 1985 1164 2052 Summa
1180 2007 1243 2051 .xv.
1260 1985 1358 2051 solidi
1374 1986 1462 2069 .iij.d.

838 2089 979 2156 Summa
994 2089 1071 2176 diiij.
1087 2090 1185 2156 solidi
1201 2090 1274 2174 ‚ij.d.
1289 2092 1341 2156 ob
1357 2093 1460 2174 quad.

416 2303 466 2351 21.
512 2285 679 2352 Redditus
717 2286 871 2352 annualis
912 2288 955 2352 de
992 2287 1291 2372 perquisicionibus
1327 2288 1459 2354 domini

349 2403 492 2470 Galsridi
516 2405 680 2472 London:

535 2585 699 2650 Redditus
719 2587 918 2650 determino
940 2585 1058 2652 Sancti
1078 2586 1260 2653 Michaelis.

415 2732 468 2796 De
483 2732 653 2798 Willelmo
669 2732 737 2799 filio
752 2734 881 2798 Warini
897 2735 939 2798 ad
958 2735 1081 2820 Ripam
1099 2733 1151 2816 ‚iijss
1167 2734 1300 2799 solidos.

415 2837 468 2900 De
503 2838 622 2902 eodem
663 2838 839 2916 willelmo,
876 2839 919 2905 ad
957 2839 1133 2904 seruicium
1171 2839 1299 2904 domini
1344 2841 1460 2924 Regis,

348 2942 578 3025 quadrantem.

413 3045 468 3110 De
496 3045 645 3111 Henrico
669 3048 837 3113 aurifabro
863 3071 924 3133 pro
954 3059 1041 3114 terra
1066 3048 1208 3114 Galsridi
1236 3050 1400 3134 Deuenys
1429 3053 1460 3134 .j.

347 3150 530 3216 denarium.

414 3255 467 3319 De
481 3255 636 3338 Johanne
653 3255 787 3341 Mareys
805 3309 809 3320 .
812 3257 834 3340 j.
851 3257 1032 3322 denarium.

414 3359 467 3422 De
484 3356 632 3441 Hugone
648 3360 803 3443 Fleming
818 3361 849 3442 .j.
865 3361 1048 3426 denarium.

412 3463 467 3528 De
483 3461 632 3527 Henrico
652 3464 819 3530 aurifabro
840 3487 901 3549 pro
921 3476 1008 3530 terra
1026 3465 1162 3530 Henrici
1184 3465 1215 3529 le
1237 3465 1336 3532 Child
1351 3467 1382 3551 .j.
1399 3470 1459 3533 de-

346 3589 485 3632 nanum.

412 3674 465 3738 De
478 3672 628 3756 Symone
637 3675 680 3738 de
690 3675 825 3739 Brunne
834 3677 877 3740 de
887 3675 1113 3741 Combertone
1124 3696 1185 3759 pro
1196 3685 1282 3741 terra
1294 3675 1458 3743 Willelmi

346 3778 462 3842 Warin
478 3777 507 3861 .j.
523 3778 705 3844 denarium.

412 3884 465 3946 De
482 3881 631 3965 Symone
651 3883 694 3947 de
715 3882 786 3947 Len
809 3883 852 3948 de
873 3883 1089 3968 Cantebrigia
1105 3905 1165 3969 pro
1181 3894 1267 3948 terra
1289 3885 1460 3966 Johannis

346 3988 377 4052 le
392 3987 491 4054 Child
506 3987 536 4070 .j.
552 3986 734 4052 denarium.
