3192 5067
337 337 408 407 234
502 313 623 387 Frrslz
649 314 829 388 taxatraa.
889 315 927 388 Τ
922 313 967 388 hc
994 315 1118 394 Welslr
1144 315 1277 388 Revolt
1320 313 1441 414 [uoox

353 539 404 616 48.
449 537 500 602 De
522 539 688 603 medietate
710 539 863 604 botrorum
886 542 1109 624 temporalium
1130 551 1163 606 et
1182 542 1418 625 spiritualium,

297 631 307 648 ⁸
465 654 497 706 at
516 643 639 752 decima
662 644 833 726 lamonem,
853 655 990 708 etsexta
1011 645 1143 711 denario
1166 645 1304 709 urbium.

169 811 256 854 orne
398 791 500 855 Anno
523 792 642 857 eodem
673 793 705 855 in
730 792 817 857 sesto
846 794 952 857 sancti
978 792 1105 856 Mathei
1129 791 1272 876 apostoli
1303 791 1439 856 additur

168 862 299 966 {iiiiii
332 894 428 959 dolor
464 895 579 960 dolori.
625 896 702 960 Rex
739 897 829 960 enim
867 905 1052 961 conuocato
1089 906 1162 961 toto
1199 895 1287 960 clero
1318 895 1438 979 petiuit

168 964 292 1056 lll‘tli‘em
334 1000 546 1065 medietatem
563 1001 713 1066 omnium
725 1003 890 1067 bonorum
902 1023 1037 1066 suorum
1053 1012 1123 1066 tam
1138 1002 1182 1066 de
1196 1001 1438 1086 temporalibus

167 1077 204 1206 ξιξ
225 1094 274 1156 e'·
332 1127 433 1189 quam
457 1107 499 1171 de
519 1107 745 1190 spiritualibus
767 1108 950 1172 secundum
967 1107 1118 1172 ultimam
1136 1107 1351 1172 taxacionem
1371 1127 1438 1190 que

332 1221 403 1274 erat
418 1211 621 1293 grauissima
659 1211 820 1296 Episcopi
832 1223 1075 1290 concesserunt,
1090 1214 1149 1278 sed
1163 1211 1387 1278 archidiaconi
1402 1222 1438 1276 et

212 1360 214 1366 .
332 1314 500 1380 inferiores
526 1316 812 1383 contradixerunt
857 1317 1011 1382 Tandem
1041 1338 1167 1393 omnes,
1198 1317 1348 1382 nolentes
1378 1337 1436 1380 seu

169 1431 183 1460 ⁰
242 1430 255 1459 ⁸
332 1420 491 1498 uolentes,
506 1432 746 1486 concesserunt
794 1423 840 1487 Et
863 1423 895 1486 in
920 1422 1005 1487 sesto
1027 1425 1133 1488 sancti
1156 1423 1293 1486 Martini
1317 1423 1437 1505 petiuit

169 1532 193 1612 ζ’
221 1533 272 1612 Ut·
331 1525 496 1590 decimam
519 1548 539 1590 a
567 1528 679 1611 laycis,
701 1539 735 1593 et
758 1548 778 1590 a
802 1528 1022 1612 burgensibus
1048 1528 1178 1592 urbium
1203 1539 1237 1592 et
1260 1527 1435 1593 ciuitatum

198 1655 211 1682 ·
331 1641 466 1695 sextum
504 1631 686 1708 denarium,
723 1642 758 1697 et
795 1634 950 1717 optinuit,
986 1634 1065 1716 quia
1102 1633 1212 1697 nullus
1248 1655 1350 1697 ausus
1385 1644 1436 1698 est

331 1736 580 1801 contradiceret
620 1737 696 1800 Rex
710 1757 788 1801 uero
800 1747 880 1802 tunc
892 1727 1127 1821 temporis'suit
1137 1738 1227 1820 apud
1242 1738 1436 1801 Portesmue

330 1861 406 1904 cum
443 1841 593 1905 exercitu
632 1861 764 1924 magno,
801 1851 838 1905 vt
881 1842 1109 1907 transfretaret
1152 1841 1196 1906 ad
1235 1842 1433 1924 capiendam

331 1947 554 2021 wasconiam,
570 1946 630 2010 sed
650 1947 728 2029 quia
748 1946 843 2029 quasi
865 1967 925 2030 per
944 1956 1010 2011 tres
1031 1966 1162 2011 menses
1183 1956 1303 2010 uentus
1317 1956 1388 2010 erat
1403 1947 1435 2009 ei

331 2050 514 2115 contrarius
529 2049 740 2115 transfretare
756 2071 823 2114 non
839 2051 957 2133 potuit.

168 2198 221 2240 Th,
235 2199 314 2241 W„
397 2157 570 2220 Walenses
608 2177 687 2221 uero
723 2156 866 2220 scientes
908 2156 1036 2238 Regem
1075 2155 1200 2239 Anglie
1237 2165 1317 2219 tunc
1352 2155 1435 2219 satis

166 2249 194 2290 oi
204 2249 246 2291 the

332 2387 457 2431 naruan
474 2366 621 2431 totaliter
643 2366 890 2439 destruxerunt,
910 2376 944 2430 et
961 2366 1122 2448 Anglicos
1145 2365 1387 2440 interfecerunt,
1402 2375 1436 2429 et

333 2470 437 2535 multa
476 2470 564 2534 mala
594 2471 625 2533 in
657 2481 888 2554 contemptum
922 2470 1025 2553 Regis
1055 2469 1179 2553 Anglie
1216 2469 1371 2543 fecerunt,
1401 2480 1436 2533 et

333 2575 478 2640 Maddoc
502 2573 605 2638 filium
631 2573 742 2638 Dauid
767 2575 950 2658 principem
968 2575 1088 2638 Wallie
1110 2585 1305 2638 statuerunt
1354 2573 1437 2638 ideo

333 2697 391 2740 rex
407 2675 530 2758 Anglie
546 2695 621 2739 cum
638 2675 787 2738 exercitu
805 2694 929 2757 magno
945 2675 1092 2758 perrexit
1108 2675 1140 2737 in
1158 2673 1324 2738 Walliam.

356 2899 406 2961 49.
453 2881 503 2944 De
525 2878 765 2962 Arclrr'episcapa
789 2877 1024 2946 Cautuarr'eust'
1042 2887 1074 2941 et
1087 2878 1192 2960 gestis
1212 2878 1248 2942 iu
1281 2878 1408 2942 Wallia.

256 3034 273 3082 t.
286 3049 318 3098 90
398 3011 559 3092 Magister
572 3007 768 3092 R[obertus]
782 3009 825 3097 de
838 3005 1040 3072 Wincle'see'
1050 3007 1175 3071 electus
1185 3007 1436 3072 cantuariensis

169 3110 259 3202 {¹331st
332 3125 509 3196 postquam
534 3114 679 3178 stetisset
703 3113 736 3176 in
761 3113 862 3176 Curia
893 3112 1049 3176 Romana
1072 3133 1130 3195 per
1153 3112 1332 3189 biennium,
1354 3116 1436 3195 quia

167 3210 296 3312 Υζζᾟξζ
331 3218 474 3283 uacabat
496 3219 586 3281 curia
610 3239 667 3300 per
697 3217 897 3281 discordiam
925 3216 1153 3283 Cardinalium
1183 3239 1223 3280 eo
1253 3219 1343 3301 quod
1367 3240 1434 3283 non

167 3309 308 3412 ssssssffm‘*
331 3333 510 3406 potnerunt
546 3322 732 3386 consentire
762 3322 794 3384 in
826 3341 959 3405 papam,
988 3322 1125 3386 tandem
1156 3321 1370 3387 confirmatus
1400 3336 1435 3387 et

167 3412 294 3505 2²:323}
331 3437 541 3492 consecratus
553 3426 652 3510 redijt
664 3427 696 3490 in
708 3426 879 3508 Angliam,
890 3434 924 3489 et
933 3424 1158 3509 applicuitdie
1167 3427 1434 3490 circumcisionis.

167 3512 255 3605 ‘iiiii
332 3533 376 3598 Et
392 3542 472 3597 tunc
486 3530 690 3597 transeundo
712 3551 826 3594 uersus
848 3529 977 3614 Regem
998 3531 1054 3613 qui
1071 3540 1150 3595 tunc
1166 3541 1237 3595 erat
1252 3532 1284 3594 in
1302 3530 1436 3608 Wallia,

166 3618 225 3704 ll?
238 3625 253 3655 ⁸
275 3627 301 3657 ‘¹
329 3637 561 3721 hospitabatur
583 3637 672 3720 apud
698 3635 898 3700 Bemewelle
921 3635 975 3699 die
998 3634 1167 3699 dominica
1182 3637 1337 3719 proxima
1357 3646 1435 3718 post

166 3713 315 3819 iiiiii&
330 3743 418 3808 diem
446 3741 643 3826 Epiphanie.
690 3741 736 3804 Et
766 3741 934 3823 processio
964 3739 1199 3804 canonicorum
1226 3749 1259 3804 et
1283 3742 1433 3804 omnium

332 3848 468 3914 fratrum
493 3847 717 3930 Cantabrigie‚
740 3856 774 3910 et
797 3844 1030 3920 vniuersitatis,
1054 3854 1087 3908 et
1114 3844 1334 3920 sacerdotum,
1356 3866 1434 3908 curn

332 3974 454 4037 magna
469 3952 719 4036 sollempnitate
740 3952 849 4016 exiuit
868 3951 1003 4015 obuiam
1025 3951 1064 4014 ei.
1110 3950 1156 4013 Et
1174 3950 1324 4014 canonici
1340 3961 1435 4015 erant

331 4059 363 4123 in
387 4059 502 4143 cappis
525 4060 645 4123 sericis.
691 4059 737 4122 Et
761 4057 849 4122 iacta
871 4067 922 4120 est
945 4057 1055 4120 leticia
1078 4077 1201 4138 magna
1222 4055 1265 4119 de
1286 4057 1434 4122 aduentu

331 4165 435 4248 patris
458 4174 492 4230 et
515 4163 666 4250 pastoris.

492 4327 501 4359 ¹
519 4329 621 4388 Stubbs‚
638 4329 720 4377 Caust.
734 4327 802 4376 Hirt.
815 4325 855 4374 ed.
871 4327 942 4388 1875,
956 4338 987 4374 n.
1003 4324 1056 4382 126,
1071 4340 1126 4388 ¹²7·

495 4409 506 4440 ¹
523 4411 618 4460 Robert
631 4409 799 4472 Winchelsey,
813 4409 874 4472 Abp
885 4408 914 4457 oi
922 4409 1086 4472 Canterbury,
1104 4423 1272 4473 1294-1313.

169 2300 267 2342 ww,
332 2271 532 2344 occupatum
555 2260 728 2325 castellum
759 2263 849 2344 quod
876 2261 952 2326 Rex
975 2271 1207 2326 construxerat
1233 2262 1322 2345 apud
1349 2261 1435 2324 Kar·
1555 2317 1560 2328 ,
