3192 5067
333 346 400 416 118
543 341 581 414 T
576 340 621 413 he
637 338 910 439 pastura-land
930 338 978 435 os
994 338 1218 436 Madingley
1311 333 1431 433 [soors

326 529 499 595 ecclesiam
522 550 617 593 suam
639 529 683 593 de
706 527 910 593 Bemewelie
931 528 975 591 de
997 526 1154 611 predictis
1176 524 1384 599 tenementis,
1400 531 1433 585 et

327 635 436 718 ipsum
460 654 519 716 per
541 633 678 715 longum
702 642 835 716 tempus
858 642 936 697 ante
960 642 1102 697 mortem
1125 650 1220 695 suam
1241 629 1285 694 de
1307 627 1431 691 eisdem

327 739 527 805 tenementis
552 739 585 802 in
610 738 779 820 saysinam
805 739 989 821 plenariam
1015 739 1135 821 posuit,
1157 737 1243 800 sicut
1265 733 1433 817 predictus

328 845 421 908 Prior
442 845 533 923 dicit,
554 844 634 926 quia
655 852 726 907 tam
750 850 811 907 etc

452 1099 502 1162 29.
546 1081 712 1145 Potitum
736 1080 776 1145 dc
797 1080 869 1145 dote
890 1078 1033 1144 Mabztie
1054 1098 1114 1163 qus
1129 1078 1207 1161 suit
1230 1098 1311 1141 vxor

748 1184 780 1249 T
776 1185 868 1250 honre
896 1186 927 1249 T
924 1184 1016 1268 uylet.

398 1348 493 1414 Idem
510 1348 604 1411 Prior
619 1348 762 1431 opponit
777 1369 814 1411 se
837 1348 900 1411 iiii.
920 1348 976 1411 die
997 1366 1110 1411 uersus
1128 1344 1314 1409 Robertum
1330 1342 1434 1407 filium

333 1452 472 1516 Roberti
498 1451 631 1516 Hubert
654 1451 698 1515 de
724 1451 850 1534 placito
874 1452 964 1534 quod
990 1452 1219 1515 warantizaret
1242 1450 1272 1513 ei
1298 1449 1436 1513 terciam

188 1539 220 1619 12⁰
260 1606 268 1627 ‚
332 1568 462 1641 partem
477 1557 532 1621 dx.
549 1566 582 1620 et
603 1556 644 1619 vi.
666 1577 816 1621 acrarum
839 1566 924 1620 terre
945 1576 1021 1619 curn
1038 1555 1249 1638 pertinenciis
1264 1554 1298 1617 in
1315 1553 1436 1618 Cante-

331 1660 437 1743 brigia
462 1670 496 1724 et
521 1659 731 1737 Bemewelle‚
757 1680 860 1742 quam
887 1661 1024 1724 terciam
1051 1667 1179 1741 partem
1207 1657 1347 1721 Mabilia
1370 1677 1436 1739 que

329 1764 391 1829 suit
405 1783 492 1827 vxor
507 1762 639 1827 Thome
654 1762 778 1845 Tuylet
797 1764 920 1827 clamat
942 1763 975 1826 in
991 1764 1106 1827 dotem
1122 1782 1237 1826 uersus
1257 1782 1341 1825 eum.
1388 1760 1435 1823 Et

183 1892 199 1921 ο
237 1841 262 1921 r·
331 1869 421 1933 idem
439 1867 531 1930 Prior
545 1867 627 1930 alias
648 1868 781 1931 uocauit
805 1868 991 1950 predictum
1009 1867 1194 1930 Robertum
1219 1865 1261 1930 ad
1283 1864 1436 1930 waranti-

331 1972 475 2036 zandum
512 1992 626 2036 uersus
660 1991 745 2049 eam,
777 1980 812 2035 et
849 1972 1017 2036 Robertus
1049 1974 1120 2035 'non
1151 1971 1251 2045 uenit,
1281 1979 1342 2034 etc.
1377 1969 1436 2032 sed

331 2087 525 2161 preceptum
555 2077 618 2140 suit
647 2076 835 2141 vicecomiti
865 2078 956 2161 quod
993 2085 1204 2141 summoneat
1238 2095 1315 2140 eum
1346 2074 1436 2157 quod

331 2191 418 2246 esset
449 2182 491 2245 ad
522 2180 610 2244 hunc
636 2180 726 2246 diem
757 2181 801 2245 ad
828 2182 1120 2247 warantizandum.
1179 2181 1224 2245 Et
1253 2181 1437 2243 vicecomes

332 2285 433 2348 nichil
468 2284 546 2349 inde
581 2285 667 2359 iecit,
698 2305 759 2349 nec
794 2285 896 2349 breue
934 2287 1031 2351 misit.
1094 2285 1185 2362 ideo,
1221 2284 1306 2346 sicut
1336 2282 1436 2364 prius,

331 2398 525 2473 preceptum
563 2398 615 2451 est
647 2388 833 2452 vicecomiti
871 2391 960 2472 quod
1000 2398 1212 2453 summoneat
1249 2385 1435 2471 predictum

333 2493 519 2558 Robertum
542 2493 633 2576 quod
661 2494 704 2575 ¹sit
730 2493 763 2556 in
790 2495 936 2557 crastino
959 2494 1169 2570 Animarum,
1192 2503 1226 2555 et
1253 2491 1437 2555 vicecomes

333 2598 376 2662 sit
391 2596 563 2662 auditurus
576 2595 737 2679 judicium
753 2617 859 2661 suum.
909 2596 1002 2661 Idem
1019 2596 1090 2660 dies
1111 2598 1210 2660 datus
1225 2605 1276 2660 est
1291 2594 1438 2679 predicte

334 2703 469 2766 Mabilie
484 2702 518 2765 in
535 2702 657 2779 Banco‚
673 2711 708 2766 et
724 2702 816 2765 Prior
831 2702 926 2784 ponit
943 2702 1017 2765 loco
1032 2722 1093 2765 suo
1114 2700 1301 2767 Galfridum
1318 2699 1437 2763 Russel

334 2816 368 2871 et
383 2816 518 2871 amouet
535 2805 722 2870 Galfridum
738 2806 781 2870 de
796 2805 914 2869 Toites
929 2826 1030 2888 quem
1046 2806 1136 2888 prius
1152 2814 1212 2869 etc.

462 3073 511 3139 30.
555 3055 660 3121 Breue
683 3054 811 3121 domini
833 3056 919 3139 regis
942 3055 980 3120 de
1003 3056 1146 3120 Extenta
1170 3056 1314 3121 Pasture

746 3160 786 3225 de
807 3160 1026 3244 Maddingek.

173 3275 241 3317 weit

171 3325 301 3418 {effictos
390 3318 556 3393 H[enricus]
564 3320 609 3375 dei
620 3319 717 3390 gracia
728 3330 781 3375 etc.
794 3320 953 3376 vicecomiti
968 3320 1149 3391 Cantebrigie
1162 3322 1290 3377 salutem.
1316 3322 1440 3391 Questus

172 3426 247 3467 cm.
336 3419 379 3463 est
400 3409 482 3465 nobis
505 3409 583 3464 Prior
603 3407 640 3463 de
662 3408 834 3463 Bemeweile
855 3409 930 3479 quod
951 3409 1097 3478 Johannes
1119 3410 1156 3465 de
1178 3409 1318 3479 Burdelay
1340 3409 1441 3465 iniuste

172 3476 272 3568 iffi?
283 3526 324 3568 fle
337 3497 549 3567 superonerauit
561 3506 707 3567 pasturam
718 3496 754 3551 de
768 3496 961 3566 Maddingele‚
974 3515 1153 3553 communem
1170 3515 1258 3567 suam,
1272 3498 1312 3553 ita
1323 3498 1399 3569 quod
1412 3499 1441 3553 in

173 3576 303 3669 {ffiffhm
336 3602 371 3640 ea
394 3585 475 3655 plura
498 3594 563 3640 sunt
587 3584 721 3639 animalia
743 3593 771 3638 et
790 3601 894 3655 pecora
914 3603 1000 3657 quam
1021 3586 1126 3640 habere
1146 3586 1230 3640 debet
1250 3595 1278 3640 et
1296 3586 1333 3641 ad
1348 3588 1441 3656 ipsum

261 3679 279 3730 i.
294 3698 326 3744 44
338 3672 457 3744 pertinet
469 3669 664 3745 [habendum]
693 3672 762 3726 Ideo
771 3672 823 3726 tibi
836 3672 1006 3743 precipimus
1016 3673 1092 3743 quod
1106 3672 1178 3729 iuste
1190 3683 1218 3728 et
1231 3674 1292 3728 sine
1302 3674 1442 3730 dilacione

174 3768 312 3850 022me
337 3759 512 3816 amensurari
530 3759 618 3815 facias
631 3769 776 3830 pasturam
793 3758 879 3828 illam,
897 3759 936 3815 ita
956 3760 1032 3831 quod
1053 3760 1197 3830 predictus
1217 3761 1363 3831 Johannes
1384 3778 1441 3816 non

174 3819 322 3909 iradffiuy
337 3849 441 3903 habeat
454 3850 534 3919 plura
545 3847 681 3903 animalia
693 3848 722 3902 in
732 3864 768 3903 ea
778 3858 808 3903 et
820 3864 923 3919 pecora
932 3864 1018 3918 quam
1027 3849 1132 3905 habere
1141 3849 1225 3904 debet
1237 3859 1266 3903 et
1277 3846 1340 3921 [ad]
1348 3850 1442 3921 ipsum

174 3909 314 4000 ffl‘ffi‘ffi'
338 3936 459 4007 pertinet
473 3935 637 3990 habendum
649 3934 804 3989 secundum
821 3935 941 3990 liberum
958 3946 1151 3991 tenementum
1164 3952 1246 3991 suurn
1263 3938 1340 4007 quod
1356 3939 1442 3995 habet

174 4008 298 4101 &3⁸¹³
338 4024 368 4078 in
390 4023 491 4078 cadem
514 4024 599 4089 villa;
624 4033 652 4078 et
673 4024 750 4094 quod
769 4023 913 4094 predictus
934 4024 1013 4078 Prior
1031 4025 1135 4079 habeat
1153 4023 1182 4079 in
1201 4035 1316 4095 pastura
1335 4026 1383 4081 illa
1401 4037 1442 4082 tot

175 4110 280 4202 ἓξὲξ
288 4108 314 4151 ⁰¹
339 4111 474 4165 animalia
489 4121 517 4165 et
529 4127 632 4180 pecora
643 4121 712 4181 quot
726 4111 832 4165 habere
845 4110 937 4177 debet,
951 4122 978 4165 et
991 4112 1027 4165 ad
1040 4112 1134 4181 ipsum
1147 4110 1266 4182 pertinet
1279 4112 1442 4169 habendum

175 4210 251 4252 rtem
340 4200 496 4255 secundum
514 4199 633 4254 liberum
650 4208 844 4254 tenementum
861 4216 942 4253 suum
961 4198 1039 4268 quod
1056 4199 1142 4254 habet
1161 4199 1191 4253 in
1207 4200 1307 4253 eadem
1319 4200 1393 4269 villa,
1409 4219 1443 4256 ne

176 4265 290 4411 ἷζᾝῧ,
340 4289 407 4343 inde
431 4287 584 4342 clamorem
607 4286 708 4341 audias
733 4303 784 4356 pro
809 4286 920 4341 deiectu
943 4286 1061 4355 justicie.
1100 4288 1186 4341 Teste
1210 4302 1256 4341 me
1280 4288 1343 4358 ipso
1367 4289 1444 4359 apud

177 4370 242 4413 ¹²⁷⁰·
340 4375 625 4431 westmonasterium
643 4394 695 4429 .xr.
715 4374 760 4430 die
779 4373 844 4444 Julij
864 4392 939 4429 anno
957 4374 1035 4444 regni
1055 4374 1190 4429 nostn'10.
1211 4374 1270 4445 iiije
