3192 5067
140 378 173 479 1]
213 429 215 433 v
353 380 415 454 the
431 379 644 477 provisions
669 378 719 472 os
738 378 886 452 Gz'lbert
911 376 1029 451 Peche
1200 397 1245 469 53

139 564 250 619 Pecche
270 580 305 618 ex
325 564 424 634 altera,
445 563 483 619 ad
504 562 623 619 modum
643 561 813 633 cyrographi
837 559 1004 629 consectasl,
1026 559 1198 631 inspeximus
1218 558 1247 613 in

136 653 191 708 hec
208 653 305 709 uerba.
899 712 907 719 ,

191 740 333 796 Omnibus
356 740 410 797 has
432 739 541 796 litteras
564 739 734 811 inspecturis
758 738 902 797 Gilbertus
932 738 1042 795 Pecche
1071 737 1191 793 salutem
1218 735 1247 790 in

137 828 254 884 domino
275 828 485 901 sempiternam
530 828 650 885 Nouerit
671 828 842 884 uniuersitas
863 838 958 884 uestra
982 844 1028 883 me
1052 826 1091 881 ad
1112 824 1247 880 dilucida·

136 913 249 970 cionem
267 914 335 970 iuris
352 924 519 987 patronatus
538 925 591 970 etc.
628 915 763 970 Testibus
781 925 835 971 etc.

192 1004 254 1058 Nos
266 1012 371 1072 autem,
384 1019 556 1059 consensum
568 1012 596 1059 et
609 1002 823 1059 concessionem
836 1002 978 1075 predictas
990 1002 1056 1057 hinc
1074 1000 1140 1055 inde
1156 1000 1247 1054 iactas

137 1100 328 1161 acceptantes,
341 1107 390 1147 eas
402 1108 454 1162 pro
466 1092 550 1148 nobis
562 1102 591 1147 et
603 1090 755 1147 heredibus
771 1090 885 1157 nostris,
898 1099 1034 1163 quantum
1052 1088 1081 1144 in
1098 1088 1181 1145 nobis
1194 1098 1246 1156 est,

137 1180 320 1237 concedimus
328 1190 356 1236 et
363 1180 564 1236 confirmamus
571 1179 743 1237 sicutlittere
750 1178 877 1251 predicte
884 1177 1246 1245 racionabilitertestantur‚

135 1268 263 1323 volentes
281 1277 309 1323 et
326 1268 516 1325 concedentes
532 1285 584 1339 pro
600 1267 684 1324 nobis
700 1278 729 1324 et
747 1267 899 1325 heredibus
918 1265 1022 1322 nostris
1039 1266 1116 1337 quod
1132 1282 1185 1319 nos
1197 1281 1246 1319 seu

136 1355 254 1412 heredes
267 1356 355 1411 nostri
368 1355 397 1411 in
415 1356 543 1411 Prioratu
560 1355 688 1426 predicto
706 1371 756 1410 seu
773 1354 903 1411 custodia
920 1354 1048 1411 eiusdem
1067 1352 1154 1409 nichil
1170 1352 1247 1408 aliud

59 1476 64 1488 ·
135 1443 242 1499 habere
261 1443 306 1497 vel
324 1442 475 1499 vendicare
492 1443 647 1514 poterimus
665 1441 694 1499 in
712 1442 837 1498 futurum
858 1460 944 1513 quarn
964 1442 993 1497 in
1015 1440 1114 1497 litteris
1131 1452 1159 1497 et
1180 1457 1246 1497 con·

136 1529 300 1588 firmacione
321 1530 455 1601 predictis
474 1530 642 1586 continetur.

191 1618 225 1673 ln
238 1618 318 1673 cuius
329 1618 369 1674 rei
386 1616 580 1673 testimonium
592 1618 645 1673 has
656 1616 766 1673 litteras
778 1627 891 1673 nostras
904 1617 964 1672 lieri
976 1617 1096 1673 fecimus
1109 1625 1245 1688 patentes

136 1708 223 1763 Teste
246 1707 357 1778 meipso
380 1707 458 1778 apud
486 1704 773 1761 westmonasterium
797 1704 966 1761 duodecimo
990 1704 1037 1761 die
1062 1703 1132 1775 Maij
1160 1706 1245 1759 Anno

136 1794 216 1866 regni
234 1795 323 1851 nostri
342 1795 430 1851 tercio
448 1793 585 1852 decimet
623 1795 758 1852 lrestede.

228 1975 278 2039 29.
324 1956 419 2038 Qnid
436 1958 606 2023 adunans
626 1958 747 2023 eccksie
767 1958 807 2023 de
829 1957 1025 2023 Berncwelle
1047 1958 1157 2022 valcat

455 2064 585 2129 domim
606 2064 693 2149 Regi
705 2075 770 2148 per
790 2084 923 2129 annum.

190 2192 234 2247 W.
260 2192 296 2248 de
322 2193 484 2262 Karletone,
505 2193 611 2251 dilecto
634 2194 728 2249 amico
752 2210 805 2250 suo
828 2193 987 2250 vicecomiti
1013 2191 1193 2263 cantebrigie
1217 2201 1245 2247 et
1259 2187 1386 2281 {lffihgs

138 2280 311 2337 Huntedone
335 2281 464 2337 salutem.
515 2284 560 2337 Ex
583 2292 664 2354 parte
688 2282 796 2338 domini
823 2281 910 2351 Regis
934 2280 1015 2337 vobis
1039 2280 1145 2335 mando
1169 2279 1246 2350 quod
1259 2288 1406 2338 cnmbnuge

136 2367 232 2423 uenire
244 2367 354 2424 faciatis
367 2386 464 2425 coram
480 2387 528 2427 me
539 2371 594 2425 hac
606 2369 724 2424 instanti
738 2368 784 2425 die
797 2368 908 2425 veneris
921 2368 950 2423 in
965 2368 1124 2440 septimana
1137 2367 1246 2423 Pasche
1258 2339 1393 2441 iffi?

136 2455 212 2525 apud
229 2452 441 2526 Cantebrigiam
457 2455 505 2526 xii,
518 2468 577 2511 tam
593 2455 698 2512 milites
714 2456 811 2526 gladio
827 2454 944 2523 cinctos,
957 2472 1043 2527 quam
1058 2454 1128 2511 alios
1141 2456 1246 2525 probos
1259 2439 1406 2541 {ffffffissed

136 2550 165 2597 et
182 2541 288 2611 legales
306 2540 436 2597 homines
454 2542 491 2598 de
509 2543 620 2598 visneto
638 2544 675 2599 de
698 2543 879 2611 Bernewelle,
898 2542 936 2597 ad
957 2542 1111 2598 taxandum
1132 2541 1201 2612 quid
1218 2552 1247 2597 et
1259 2538 1411 2631 afflig&

136 2640 274 2700 quantum
297 2630 453 2686 aduocacio
477 2631 596 2687 ecclesie
617 2632 654 2687 de
680 2631 852 2689 Bernewelle
875 2630 969 2687 ualeat
990 2647 1041 2701 per
1065 2646 1191 2694 annum;
1220 2638 1247 2685 et
1260 2641 1410 2689 :evomam

136 2717 267 2774 habeatis
282 2716 320 2773 ibi
339 2720 426 2775 breue
443 2718 551 2775 domini
570 2720 668 2789 Regis,
680 2736 737 2774 vna
751 2737 818 2775 cum
836 2718 999 2777 nominibus
1016 2726 1200 2786 extentorum,
1218 2726 1247 2773 et
1259 2689 1394 2792 ῗέἒὲζξῗ.

137 2807 192 2863 hoc
210 2809 305 2865 breue.
341 2807 450 2863 Valete.
1260 2789 1391 2882 leiim-

1260 2890 1312 2932 tion
1322 2901 1387 2931 were

202 2929 260 2993 Ad
290 2930 379 2996 hunc
408 2950 489 3014 ergo
515 2930 605 2995 diem
636 2931 782 3008 ueniens,
809 2930 921 3015 palam
952 2950 1064 2997 coram
1092 2928 1247 2994 omnibus
1260 2941 1389 3033 mm

137 3034 225 3099 lecta
244 3034 307 3099 fuit
329 3044 423 3099 carta
443 3034 571 3098 domini
592 3035 696 3118 Regis
716 3055 776 3118 per
794 3054 896 3118 quam
918 3032 1129 3098 confirmauit
1152 3034 1247 3099 nobis
1260 3042 1405 3134 &Effigies

137 3149 263 3205 statum
284 3161 386 3224 quem
410 3140 589 3205 habuimus
613 3142 656 3205 de
680 3141 820 3206 domino
844 3138 1025 3223 G[ilberto]
1051 3140 1179 3203 Pecche
1205 3140 1380 3234 deffied·

137 3246 363 3310 aduocacione
385 3246 524 3310 ecclesie
548 3253 671 3324 nostre,
694 3246 792 3311 etde
816 3254 969 3329 tempore
991 3244 1191 3321 vacacionis,
1214 3253 1248 3308 et

137 3348 273 3415 vlterius
295 3350 396 3416 nichil
418 3352 583 3435 quesiuit;
605 3352 666 3416 sed
689 3351 926 3434 transcriptum
951 3350 1054 3433 ipsius
1074 3358 1166 3414 carte
1185 3349 1248 3441 sibi

138 3454 275 3519 retinuit
297 3455 342 3519 ad
364 3455 455 3520 curie
477 3454 726 3519 deserendum.-

202 3652 253 3717 30.
295 3634 348 3701 Dc
378 3634 538 3701 Willelmo
559 3635 709 3700 Bastard
727 3646 759 3701 ct
778 3636 889 3701 cetm's
911 3635 1039 3721 regibus
1059 3634 1190 3719 Anglii.
1262 3651 1279 3703 r.
1298 3654 1326 3702 ιε

203 3769 304 3833 Multi
325 3768 460 3833 fuerunt
481 3788 575 3851 reges
596 3768 629 3831 in
646 3767 773 3851 Anglia
793 3775 872 3831 ante
891 3767 1125 3849 expulsionem
1142 3766 1250 3830 Brito·

137 3894 218 3937 num
234 3882 269 3939 et
284 3882 375 3958 post;
390 3892 484 3957 reges
499 3874 636 3956 quidem
652 3881 817 3956 potentes,
828 3871 986 3949 bellicosi,
999 3871 1099 3935 armis
1115 3873 1251 3949 strenui,

137 3998 219 4042 auro
233 3988 375 4061 argento
394 3987 429 4042 et
450 3978 619 4061 lapidibus
634 3978 792 4062 preciosis
810 3976 919 4053 ditati,
934 3986 976 4053 et,
992 3975 1083 4059 quod
1099 3976 1174 4059 plus
1190 3987 1250 4055 est,

139 4081 172 4145 in
196 4081 264 4147 fide
286 4082 453 4147 catholica
475 4083 599 4160 deuoti,
617 4093 696 4147 ante
719 4102 821 4165 quam
838 4080 1027 4145 Willelmus
1051 4079 1192 4144 Bastard
1216 4081 1249 4144 in

139 4187 268 4269 Regem
281 4187 408 4270 Anglie
419 4196 643 4252 coronaretur.
680 4187 749 4252 Sed
759 4187 839 4269 quia
852 4188 884 4250 in
895 4185 992 4250 huius
1003 4184 1077 4250 libri
1087 4185 1251 4267 principio

138 4288 176 4355 fit
186 4292 230 4355 de
240 4311 280 4354 eo
291 4291 431 4369 mencio,
440 4291 545 4356 vitam
556 4292 628 4355 eius
637 4301 672 4355 et
684 4311 802 4368 mores,
814 4300 848 4355 et
859 4289 1009 4354 omnium
1022 4308 1250 4354 successorum

235 4426 244 4458 ¹
263 4430 311 4479 See
322 4428 412 4486 above,
425 4429 507 4495 Chap.
521 4445 561 4492 24.
726 4426 737 4457 ²
754 4429 813 4479 Rot.
829 4428 883 4478 Pat.
901 4442 929 4491 ¹3
942 4428 1015 4477 Edw.
1029 4427 1051 4475 l.
1064 4444 1097 4477 m.
1113 4444 1152 4477 ar.
