3192 5067
154 321 229 413 vu]
511 313 550 386 T
544 323 676 387 enanis
701 314 742 387 in
768 313 916 386 Barton
1189 331 1259 404 303

220 499 373 582 Rogerus
402 498 489 563 filius
519 499 683 582 Johannis
712 501 756 563 de
786 497 985 582 Wytewelle
1014 505 1106 561 tenet
1133 504 1261 578 septem

154 621 247 666 acras
273 612 367 679 terre,
396 612 431 667 et
459 602 569 667 reddit
598 603 677 667 inde
706 623 765 685 per
794 621 920 666 annum
944 603 1092 685 quinque
1118 599 1262 664 solidos:

154 707 280 771 scilicet
291 709 334 771 ad
347 705 469 772 festum
481 707 596 772 Sancti
612 707 784 771 Michaelis
799 715 834 770 et
850 707 892 771 ad
910 707 1039 770 Pascha
1055 726 1113 789 per
1127 703 1263 788 equales

155 811 351 894 porciones¹.
488 835 492 842 ·

221 915 371 981 Thomas
387 915 512 980 Bretun
528 925 620 980 tenet
636 915 704 998 .xij.
719 935 813 979 acras
828 925 922 992 terre,
937 924 971 979 et
987 915 1096 980 reddit
1112 913 1190 978 inde
1204 933 1265 997 per

156 1042 281 1086 annum
312 1022 341 1104 .j.
365 1022 538 1086 denarium
562 1023 604 1085 ad
629 1019 750 1086 festum
774 1021 891 1085 Sancti
916 1020 1099 1096 Michaelis,
1122 1029 1156 1082 et
1180 1019 1264 1083 duas

155 1134 273 1205 sectas,
295 1138 330 1190 et
351 1128 548 1208 scutagium.

413 1231 554 1295 Summa
569 1230 723 1294 .xxxviii.
738 1228 836 1292 solidi
853 1229 908 1310 .xj.
924 1229 1068 1293 denarii³
1081 1227 1135 1292 ob.
1149 1225 1264 1309 quadr.

227 1460 285 1524 lsti
301 1469 380 1524 sunt
396 1458 588 1540 custumarij
605 1459 649 1522 de
665 1458 827 1522 Bertone:

222 1616 361 1699 Agatha
384 1637 470 1679 vxor
492 1615 632 1680 Roberti
653 1615 766 1698 Jhoun
797 1626 891 1681 tenet
911 1617 967 1680 .ix.
996 1636 1089 1680 acras
1112 1626 1204 1691 terre,
1231 1624 1265 1678 et

158 1722 266 1787 reddit
297 1720 374 1785 inde
404 1741 463 1805 per
491 1741 617 1785 annum
647 1721 701 1805 iij.
730 1721 876 1786 solidos:
914 1720 1039 1786 scilicet
1068 1720 1111 1784 ad
1143 1719 1266 1784 Natale

160 1827 296 1890 Domini
313 1825 381 1909 .xij.
403 1825 567 1902 denarios,
582 1829 624 1890 ad
642 1827 772 1892 Pascha
789 1825 856 1909 .xij.
876 1826 1039 1904 denarios,
1054 1836 1089 1890 et
1103 1828 1146 1892 ad
1170 1825 1264 1890 Nati-

158 1933 299 1998 uitatem
335 1933 451 1998 Sancti
486 1932 645 1996 Iohannis
681 1933 834 2014 Baptiste
866 1933 933 2015 .xij.
968 1931 1141 2008 denarios;
1178 1941 1213 1995 et
1246 1953 1266 1995 a

157 2041 336 2104 natiuitate
373 2039 488 2103 Sancti
526 2039 690 2120 Johannis
728 2039 883 2122 Baptiste
918 2059 1023 2121 vsque
1060 2037 1102 2101 ad
1141 2035 1265 2101 Gulam

158 2145 304 2226 Augusti
327 2144 476 2227 qualibet
505 2145 694 2227 septimana
723 2152 790 2207 tres
821 2163 939 2227 operas
969 2143 1032 2206 nisi
1059 2140 1179 2205 festum
1205 2141 1265 2205 im-

159 2246 308 2329 pedierit.
353 2246 399 2309 Et
436 2256 521 2328 post,
557 2266 663 2328 vsque
699 2246 743 2309 ad
781 2247 903 2310 festum
935 2246 1050 2310 Sancti
1083 2244 1266 2322 Michaelis,

158 2351 307 2434 qualibet
337 2353 525 2434 septimana
562 2361 629 2413 tres
667 2370 793 2433 operas,
824 2352 886 2414 nisi
917 2349 1038 2414 festum
1070 2349 1264 2432 impedierit.

162 2456 247 2520 ltem
263 2455 306 2519 ad
328 2456 469 2538 primam
495 2454 675 2537 precariam
698 2456 731 2518 in
752 2465 940 2538 autumpno
963 2465 1029 2518 tres
1050 2454 1202 2517 homines
1222 2454 1265 2518 ad

160 2559 270 2623 cibum
286 2559 415 2623 domini
432 2559 561 2623 Prioris.

227 2663 392 2727 Henricus
415 2663 505 2747 Toly
526 2673 562 2728 et
577 2662 741 2727 Ricardus
758 2663 842 2727 Mile
863 2671 980 2728 tenent
995 2663 1050 2728 ix.
1065 2681 1159 2726 acras
1181 2672 1268 2727 terre

159 2776 193 2832 et
218 2767 302 2831 duas
325 2768 457 2844 croftas,
483 2777 517 2832 et
544 2767 687 2832 reddunt
713 2767 791 2830 inde
821 2787 879 2850 per
902 2786 1028 2831 annum
1059 2766 1111 2850 iij.
1142 2766 1267 2831 solidos

159 2880 193 2936 et
208 2873 262 2936 .ix.
278 2872 452 2936 denarios:
474 2871 599 2935 scilicet
619 2874 662 2936 ad
683 2871 806 2936 Natale
822 2872 960 2936 Domini
975 2893 1039 2936 .xv.
1055 2870 1218 2948 denarios,
1234 2883 1267 2936 et

158 2976 202 3042 ad
220 2977 348 3042 Pascha
362 2999 427 3041 .xv.
447 2978 610 3054 denarios,
625 2986 659 3042 et
673 2976 717 3040 ad
735 2977 956 3042 Natiuitatem
973 2977 1089 3042 Sancti
1104 2977 1267 3060 Johannis

160 3081 312 3165 Baptiste
347 3103 412 3146 .xv.
443 3081 617 3158 denarios;
654 3090 689 3146 et
725 3080 848 3146 facient
878 3102 898 3146 a
929 3082 1118 3146 Natiuitate
1150 3081 1266 3146 Sancti

159 3186 321 3270 Johannis
331 3185 483 3269 Baptiste
495 3186 644 3269 qualibet
655 3187 843 3269 septimana
853 3187 917 3269 iiij.
929 3207 1057 3271 operas,
1067 3187 1129 3250 nisi
1145 3186 1266 3250 festum

160 3290 358 3374 impedierit,
372 3310 478 3373 usque
492 3291 536 3354 ad
548 3290 671 3355 Gulam
684 3291 841 3374 Augusti.
880 3292 967 3355 Item
980 3311 1001 3354 a
1016 3290 1104 3357 Gula
1119 3291 1266 3374 Augusti

159 3415 219 3478 per
232 3416 270 3459 .v.
293 3395 499 3478 septimanas
521 3396 697 3478 autumpni
714 3393 864 3477 qualibet
879 3395 1067 3478 septimana
1082 3394 1132 3478 .vj.
1149 3415 1266 3478 operas

160 3501 222 3565 nisi
239 3499 359 3562 festum
376 3499 572 3582 impedierit
620 3500 706 3564 Item
726 3520 785 3581 per
799 3511 866 3564 tres
882 3499 1087 3582 septimanas
1103 3519 1207 3582 usque
1223 3502 1265 3564 ad

159 3603 281 3669 festum
298 3604 414 3668 Sancti
432 3603 606 3668 Michaelis
621 3603 770 3687 qualibet
785 3605 973 3688 septimana
988 3603 1053 3684 iiij.
1069 3623 1187 3686 operas
1203 3604 1266 3668 nisi

159 3707 281 3773 festum
293 3707 491 3790 impedierit.
531 3709 616 3772 Item
629 3709 672 3772 ad
684 3709 827 3791 primam
840 3709 1021 3790 precariam
1034 3708 1067 3771 in
1079 3717 1266 3791 autumpno

159 3811 330 3876 inueniant
345 3821 412 3876 tres
426 3813 579 3876 homines
593 3814 666 3877 sine
680 3812 764 3889 cibo,
776 3820 811 3876 et
825 3812 869 3876 ad
885 3810 1067 3876 secundam
1083 3811 1265 3894 precariam

160 3917 307 3999 quinque
322 3917 474 3981 homines
490 3918 532 3981 ad
549 3917 660 3981 cibum
678 3917 806 3980 Prioris.

226 4021 360 4086 Amicia
396 4039 491 4086 vxor
521 4023 677 4105 Hugonis
722 4020 781 4085 filii
820 4020 970 4098 Gilberti,
1012 4019 1180 4085 Albricius
1224 4019 1381 4096 detnob

160 4124 387 4208 Maddingele,
401 4135 436 4190 et
453 4126 619 4191 Henricus
635 4125 851 4209 Torcheneys
862 4132 978 4189 tenent
993 4125 1048 4188 .ix.
1064 4145 1158 4188 acras
1173 4133 1267 4202 terre,

271 4392 280 4424 ¹
298 4409 344 4460 pro
355 4394 451 4460 equalis
462 4394 631 4461 porcionibus,
644 4395 703 4444 MS.
944 4391 956 4424 ‘²
971 4393 1097 4454 denarios,
1111 4391 1169 4442 MS.
