<?xml version="1.0" encoding="UTF-8"?>
<!DOCTYPE html PUBLIC "-//W3C//DTD XHTML 1.0 Transitional//EN"
    "http://www.w3.org/TR/xhtml1/DTD/xhtml1-transitional.dtd">
<html xmlns="http://www.w3.org/1999/xhtml" xml:lang="en" lang="en">
 <head>
  <title>
</title>
<meta http-equiv="Content-Type" content="text/html;charset=utf-8" />
  <meta name='ocr-system' content='tesseract 3.04.00' />
  <meta name='ocr-capabilities' content='ocr_page ocr_carea ocr_par ocr_line ocrx_word'/>
</head>
<body>
  <div class='ocr_page' id='page_1' title='image "./libermemorandor01clargoog/libermemorandor01clargoog_0324.png"; bbox 0 0 3192 5067; ppageno 0'>
   <div class='ocr_carea' id='block_1_1' title="bbox 348 298 1456 399">
    <p class='ocr_par' dir='ltr' id='par_1_1' title="bbox 348 298 1456 399">
     <span class='ocr_line' id='line_1_1' title="bbox 348 298 1456 399; baseline 0.005 -33"><span class='ocrx_word' id='word_1_1' title='bbox 348 317 366 366; x_wconf 86' lang='lat'>2</span> <span class='ocrx_word' id='word_1_2' title='bbox 373 299 419 387; x_wconf 84' lang='lat'>56</span> <span class='ocrx_word' id='word_1_3' title='bbox 622 298 822 374; x_wconf 78' lang='lat' dir='ltr'>Hundred</span> <span class='ocrx_word' id='word_1_4' title='bbox 840 302 888 399; x_wconf 90' lang='lat' dir='ltr'>of</span> <span class='ocrx_word' id='word_1_5' title='bbox 916 299 1181 397; x_wconf 78' lang='lat' dir='ltr'>Whittlessord</span> <span class='ocrx_word' id='word_1_6' title='bbox 1331 299 1456 399; x_wconf 65' lang='lat' dir='ltr'>[Boon</span> 
     </span>
    </p>
   </div>
   <div class='ocr_carea' id='block_1_2' title="bbox 344 480 1581 568">
    <p class='ocr_par' dir='ltr' id='par_1_2' title="bbox 344 480 1581 568">
     <span class='ocr_line' id='line_1_2' title="bbox 344 480 1581 568; baseline 0.006 -26"><span class='ocrx_word' id='word_1_7' title='bbox 344 480 378 544; x_wconf 88' lang='lat' dir='ltr'>in</span> <span class='ocrx_word' id='word_1_8' title='bbox 393 483 512 565; x_wconf 81' lang='lat' dir='ltr'>capite,</span> <span class='ocrx_word' id='word_1_9' title='bbox 526 495 561 548; x_wconf 87' lang='lat' dir='ltr'>et</span> <span class='ocrx_word' id='word_1_10' title='bbox 583 486 708 551; x_wconf 90' lang='lat' dir='ltr'>debent</span> <span class='ocrx_word' id='word_1_11' title='bbox 723 487 766 550; x_wconf 88' lang='lat' dir='ltr'>de</span> <span class='ocrx_word' id='word_1_12' title='bbox 786 486 915 550; x_wconf 89' lang='lat' dir='ltr'>auxilio</span> <span class='ocrx_word' id='word_1_13' title='bbox 934 486 1139 550; x_wconf 80' lang='lat' dir='ltr'>vicecomitis</span> <span class='ocrx_word' id='word_1_14' title='bbox 1154 484 1220 567; x_wconf 78' lang='lat' dir='ltr'>ijs.</span> <span class='ocrx_word' id='word_1_15' title='bbox 1236 505 1294 568; x_wconf 84' lang='lat' dir='ltr'>per</span> <span class='ocrx_word' id='word_1_16' title='bbox 1312 505 1456 560; x_wconf 86' lang='lat' dir='ltr'>armum,</span> <span class='ocrx_word' id='word_1_17' title='bbox 1580 496 1581 535; x_wconf 36' lang='grc' dir='ltr'><em>Ὺ</em></span> 
     </span>
    </p>
   </div>
   <div class='ocr_carea' id='block_1_3' title="bbox 343 587 1455 1301">
    <p class='ocr_par' dir='ltr' id='par_1_3' title="bbox 344 587 1455 1072">
     <span class='ocr_line' id='line_1_3' title="bbox 345 587 1455 655; baseline 0.001 -5"><span class='ocrx_word' id='word_1_18' title='bbox 345 595 379 650; x_wconf 91' lang='lat' dir='ltr'>et</span> <span class='ocrx_word' id='word_1_19' title='bbox 394 607 460 651; x_wconf 91' lang='lat' dir='ltr'>non</span> <span class='ocrx_word' id='word_1_20' title='bbox 476 589 600 655; x_wconf 90' lang='lat' dir='ltr'>debent</span> <span class='ocrx_word' id='word_1_21' title='bbox 621 601 755 655; x_wconf 83' lang='lat' dir='ltr'>sectam.</span> <span class='ocrx_word' id='word_1_22' title='bbox 801 591 888 655; x_wconf 71' lang='lat' dir='ltr'>clar.</span> <span class='ocrx_word' id='word_1_23' title='bbox 935 590 1065 654; x_wconf 85' lang='lat' dir='ltr'>Ibidem</span> <span class='ocrx_word' id='word_1_24' title='bbox 1085 599 1164 654; x_wconf 86' lang='lat' dir='ltr'>sunt</span> <span class='ocrx_word' id='word_1_25' title='bbox 1183 611 1253 654; x_wconf 86' lang='lat' dir='ltr'><strong>.xx.</strong></span> <span class='ocrx_word' id='word_1_26' title='bbox 1268 587 1347 652; x_wconf 87' lang='lat' dir='ltr'>hide</span> <span class='ocrx_word' id='word_1_27' title='bbox 1361 599 1455 652; x_wconf 90' lang='lat' dir='ltr'>terre</span> 
     </span>
     <span class='ocr_line' id='line_1_4' title="bbox 345 693 1453 776; baseline 0.002 -22"><span class='ocrx_word' id='word_1_28' title='bbox 345 711 411 755; x_wconf 91' lang='lat' dir='ltr'>non</span> <span class='ocrx_word' id='word_1_29' title='bbox 446 693 638 776; x_wconf 80' lang='lat' dir='ltr'>geldabiles.</span> <span class='ocrx_word' id='word_1_30' title='bbox 699 694 830 760; x_wconf 86' lang='lat' dir='ltr'>Ibidem</span> <span class='ocrx_word' id='word_1_31' title='bbox 862 694 1050 758; x_wconf 78' lang='lat' dir='ltr'>wilielmus</span> <span class='ocrx_word' id='word_1_32' title='bbox 1084 694 1255 758; x_wconf 90' lang='lat' dir='ltr'>Barbedor</span> <span class='ocrx_word' id='word_1_33' title='bbox 1288 693 1391 757; x_wconf 92' lang='lat' dir='ltr'>debet</span> <span class='ocrx_word' id='word_1_34' title='bbox 1421 694 1453 756; x_wconf 71' lang='lat' dir='ltr'>j„</span> 
     </span>
     <span class='ocr_line' id='line_1_5' title="bbox 344 797 1451 880; baseline 0.001 -20"><span class='ocrx_word' id='word_1_35' title='bbox 344 806 468 860; x_wconf 86' lang='lat' dir='ltr'>sectam</span> <span class='ocrx_word' id='word_1_36' title='bbox 499 810 533 863; x_wconf 88' lang='lat' dir='ltr'>et</span> <span class='ocrx_word' id='word_1_37' title='bbox 563 799 605 864; x_wconf 91' lang='lat' dir='ltr'>de</span> <span class='ocrx_word' id='word_1_38' title='bbox 636 800 764 864; x_wconf 87' lang='lat' dir='ltr'>auxilio</span> <span class='ocrx_word' id='word_1_39' title='bbox 797 800 1001 863; x_wconf 82' lang='lat' dir='ltr'>vicecomitis</span> <span class='ocrx_word' id='word_1_40' title='bbox 1031 798 1096 880; x_wconf 78' lang='lat' dir='ltr'>ijs.</span> <span class='ocrx_word' id='word_1_41' title='bbox 1126 809 1161 862; x_wconf 91' lang='lat' dir='ltr'>et</span> <span class='ocrx_word' id='word_1_42' title='bbox 1189 810 1241 863; x_wconf 89' lang='lat' dir='ltr'>est</span> <span class='ocrx_word' id='word_1_43' title='bbox 1275 799 1317 861; x_wconf 92' lang='lat' dir='ltr'>de</span> <span class='ocrx_word' id='word_1_44' title='bbox 1347 797 1451 862; x_wconf 83' lang='lat' dir='ltr'>feodo</span> 
     </span>
     <span class='ocr_line' id='line_1_6' title="bbox 344 899 1450 969; baseline 0.003 -7"><span class='ocrx_word' id='word_1_45' title='bbox 344 899 495 965; x_wconf 85' lang='lat' dir='ltr'>LincoIn.</span> <span class='ocrx_word' id='word_1_46' title='bbox 540 903 628 969; x_wconf 83' lang='lat' dir='ltr'>Cla&#39;r&#39;.</span> <span class='ocrx_word' id='word_1_47' title='bbox 675 904 805 968; x_wconf 90' lang='lat' dir='ltr'>Ibidem</span> <span class='ocrx_word' id='word_1_48' title='bbox 836 903 998 968; x_wconf 87' lang='lat' dir='ltr'>Tristram</span> <span class='ocrx_word' id='word_1_49' title='bbox 1027 904 1071 966; x_wconf 89' lang='lat' dir='ltr'>de</span> <span class='ocrx_word' id='word_1_50' title='bbox 1099 903 1247 966; x_wconf 88' lang='lat' dir='ltr'>Fraxino</span> <span class='ocrx_word' id='word_1_51' title='bbox 1271 903 1372 966; x_wconf 90' lang='lat' dir='ltr'>debet</span> <span class='ocrx_word' id='word_1_52' title='bbox 1403 901 1450 965; x_wconf 91' lang='lat' dir='ltr'>ad</span> 
     </span>
     <span class='ocr_line' id='line_1_7' title="bbox 344 1006 1448 1072; baseline 0.004 -6"><span class='ocrx_word' id='word_1_53' title='bbox 344 1006 489 1068; x_wconf 88' lang='lat' dir='ltr'>wardam</span> <span class='ocrx_word' id='word_1_54' title='bbox 506 1006 614 1072; x_wconf 86' lang='lat' dir='ltr'>Castri</span> <span class='ocrx_word' id='word_1_55' title='bbox 631 1008 805 1072; x_wconf 83' lang='lat' dir='ltr'>dimidiam</span> <span class='ocrx_word' id='word_1_56' title='bbox 818 1027 965 1072; x_wconf 84' lang='lat' dir='ltr'>marcam</span> <span class='ocrx_word' id='word_1_57' title='bbox 980 1007 1065 1071; x_wconf 86' lang='lat' dir='ltr'>inira</span> <span class='ocrx_word' id='word_1_58' title='bbox 1077 1027 1201 1071; x_wconf 88' lang='lat' dir='ltr'>annum</span> <span class='ocrx_word' id='word_1_59' title='bbox 1217 1017 1252 1070; x_wconf 89' lang='lat' dir='ltr'>et</span> <span class='ocrx_word' id='word_1_60' title='bbox 1260 1006 1448 1071; x_wconf 81' lang='lat' dir='ltr'>dimidium</span> 
     </span>
    </p>

    <p class='ocr_par' dir='ltr' id='par_1_4' title="bbox 343 1107 1449 1301">
     <span class='ocr_line' id='line_1_8' title="bbox 408 1107 1445 1196; baseline 0.003 -25"><span class='ocrx_word' id='word_1_61' title='bbox 408 1107 553 1174; x_wconf 80' lang='lat' dir='ltr'>Iklinton</span> <span class='ocrx_word' id='word_1_62' title='bbox 589 1111 773 1196; x_wconf 88' lang='lat' dir='ltr'>[Ickleton]</span> <span class='ocrx_word' id='word_1_63' title='bbox 805 1123 856 1176; x_wconf 87' lang='lat' dir='ltr'>est</span> <span class='ocrx_word' id='word_1_64' title='bbox 889 1113 934 1177; x_wconf 91' lang='lat' dir='ltr'>de</span> <span class='ocrx_word' id='word_1_65' title='bbox 963 1113 1089 1177; x_wconf 88' lang='lat' dir='ltr'>honore</span> <span class='ocrx_word' id='word_1_66' title='bbox 1119 1111 1278 1189; x_wconf 88' lang='lat' dir='ltr'>Bononie,</span> <span class='ocrx_word' id='word_1_67' title='bbox 1307 1121 1344 1174; x_wconf 87' lang='lat' dir='ltr'>et</span> <span class='ocrx_word' id='word_1_68' title='bbox 1377 1130 1445 1174; x_wconf 88' lang='lat' dir='ltr'>non</span> 
     </span>
     <span class='ocr_line' id='line_1_9' title="bbox 343 1213 1449 1301; baseline 0.002 -23"><span class='ocrx_word' id='word_1_69' title='bbox 343 1213 443 1279; x_wconf 87' lang='lat' dir='ltr'>debet</span> <span class='ocrx_word' id='word_1_70' title='bbox 469 1227 594 1280; x_wconf 85' lang='lat' dir='ltr'>sectam</span> <span class='ocrx_word' id='word_1_71' title='bbox 622 1239 730 1301; x_wconf 84' lang='lat' dir='ltr'>neque</span> <span class='ocrx_word' id='word_1_72' title='bbox 753 1218 915 1281; x_wconf 87' lang='lat' dir='ltr'>auxilium</span> <span class='ocrx_word' id='word_1_73' title='bbox 938 1218 1150 1293; x_wconf 83' lang='lat' dir='ltr'>vicecomitis,</span> <span class='ocrx_word' id='word_1_74' title='bbox 1176 1217 1235 1280; x_wconf 88' lang='lat' dir='ltr'>sed</span> <span class='ocrx_word' id='word_1_75' title='bbox 1259 1218 1360 1282; x_wconf 88' lang='lat' dir='ltr'>debet</span> <span class='ocrx_word' id='word_1_76' title='bbox 1386 1238 1449 1300; x_wconf 88' lang='lat' dir='ltr'>per</span> 
     </span>
    </p>
   </div>
   <div class='ocr_carea' id='block_1_4' title="bbox 343 1322 1582 1407">
    <p class='ocr_par' dir='ltr' id='par_1_5' title="bbox 343 1322 1582 1407">
     <span class='ocr_line' id='line_1_10' title="bbox 343 1322 1582 1407; baseline 0.002 -23"><span class='ocrx_word' id='word_1_77' title='bbox 343 1340 467 1384; x_wconf 84' lang='lat' dir='ltr'>annum</span> <span class='ocrx_word' id='word_1_78' title='bbox 488 1322 554 1403; x_wconf 76' lang='lat' dir='ltr'>ijs.</span> <span class='ocrx_word' id='word_1_79' title='bbox 575 1323 619 1387; x_wconf 91' lang='lat' dir='ltr'>de</span> <span class='ocrx_word' id='word_1_80' title='bbox 639 1325 841 1407; x_wconf 85' lang='lat' dir='ltr'>wardipeny,</span> <span class='ocrx_word' id='word_1_81' title='bbox 863 1333 897 1387; x_wconf 92' lang='lat' dir='ltr'>et</span> <span class='ocrx_word' id='word_1_82' title='bbox 919 1333 998 1388; x_wconf 88' lang='lat' dir='ltr'>sunt</span> <span class='ocrx_word' id='word_1_83' title='bbox 1020 1324 1144 1389; x_wconf 88' lang='lat' dir='ltr'>ibidem</span> <span class='ocrx_word' id='word_1_84' title='bbox 1167 1344 1237 1387; x_wconf 86' lang='lat' dir='ltr'><strong>.xx.</strong></span> <span class='ocrx_word' id='word_1_85' title='bbox 1259 1323 1337 1387; x_wconf 88' lang='lat' dir='ltr'>hide</span> <span class='ocrx_word' id='word_1_86' title='bbox 1357 1332 1446 1386; x_wconf 89' lang='lat' dir='ltr'>terre</span> <span class='ocrx_word' id='word_1_87' title='bbox 1580 1361 1582 1394; x_wconf 76' lang='lat'><em>÷</em></span> 
     </span>
    </p>
   </div>
   <div class='ocr_carea' id='block_1_5' title="bbox 341 1424 1445 1613">
    <p class='ocr_par' dir='ltr' id='par_1_6' title="bbox 341 1424 1445 1613">
     <span class='ocr_line' id='line_1_11' title="bbox 342 1424 1445 1510; baseline 0.005 -25"><span class='ocrx_word' id='word_1_88' title='bbox 342 1442 408 1487; x_wconf 89' lang='lat' dir='ltr'>non</span> <span class='ocrx_word' id='word_1_89' title='bbox 425 1424 608 1507; x_wconf 85' lang='lat' dir='ltr'>geldabiles</span> <span class='ocrx_word' id='word_1_90' title='bbox 623 1437 658 1492; x_wconf 92' lang='lat' dir='ltr'>et</span> <span class='ocrx_word' id='word_1_91' title='bbox 672 1439 723 1492; x_wconf 79' lang='lat' dir='ltr'>ost</span> <span class='ocrx_word' id='word_1_92' title='bbox 739 1427 863 1491; x_wconf 91' lang='lat' dir='ltr'>ibidem</span> <span class='ocrx_word' id='word_1_93' title='bbox 878 1428 908 1508; x_wconf 89' lang='lat' dir='ltr'>.j.</span> <span class='ocrx_word' id='word_1_94' title='bbox 923 1427 1003 1491; x_wconf 89' lang='lat' dir='ltr'>hida</span> <span class='ocrx_word' id='word_1_95' title='bbox 1018 1427 1193 1510; x_wconf 87' lang='lat' dir='ltr'>geldabilis</span> <span class='ocrx_word' id='word_1_96' title='bbox 1207 1446 1308 1510; x_wconf 87' lang='lat' dir='ltr'>quem</span> <span class='ocrx_word' id='word_1_97' title='bbox 1325 1427 1445 1492; x_wconf 84' lang='lat' dir='ltr'>Abbas</span> 
     </span>
     <span class='ocr_line' id='line_1_12' title="bbox 341 1524 1076 1613; baseline 0.01 -25"><span class='ocrx_word' id='word_1_98' title='bbox 341 1524 384 1588; x_wconf 91' lang='lat' dir='ltr'>de</span> <span class='ocrx_word' id='word_1_99' title='bbox 400 1526 547 1592; x_wconf 89' lang='lat' dir='ltr'>Derham</span> <span class='ocrx_word' id='word_1_100' title='bbox 564 1539 656 1594; x_wconf 88' lang='lat' dir='ltr'>tenet</span> <span class='ocrx_word' id='word_1_101' title='bbox 671 1539 706 1594; x_wconf 92' lang='lat' dir='ltr'>et</span> <span class='ocrx_word' id='word_1_102' title='bbox 721 1531 876 1613; x_wconf 85' lang='lat' dir='ltr'>priorissa</span> <span class='ocrx_word' id='word_1_103' title='bbox 891 1531 935 1594; x_wconf 89' lang='lat' dir='ltr'>de</span> <span class='ocrx_word' id='word_1_104' title='bbox 949 1531 1076 1595; x_wconf 88' lang='lat' dir='ltr'>eadem.</span> 
     </span>
    </p>
   </div>
   <div class='ocr_carea' id='block_1_6' title="bbox 405 1612 1582 1717">
    <p class='ocr_par' dir='ltr' id='par_1_7' title="bbox 405 1612 1582 1717">
     <span class='ocr_line' id='line_1_13' title="bbox 405 1612 1582 1717; baseline 0.003 -23"><span class='ocrx_word' id='word_1_105' title='bbox 405 1629 605 1696; x_wconf 67' lang='lat' dir='ltr'>oukeswnr</span> <span class='ocrx_word' id='word_1_106' title='bbox 619 1633 815 1717; x_wconf 73' lang='lat' dir='ltr'>[Duxrord]</span> <span class='ocrx_word' id='word_1_107' title='bbox 864 1635 1015 1700; x_wconf 78' lang='lat' dir='ltr'>Heredes</span> <span class='ocrx_word' id='word_1_108' title='bbox 1030 1635 1164 1701; x_wconf 70' lang='lat' dir='ltr'>caudis</span> <span class='ocrx_word' id='word_1_109' title='bbox 1175 1644 1292 1699; x_wconf 77' lang='lat' dir='ltr'>tenent</span> <span class='ocrx_word' id='word_1_110' title='bbox 1308 1635 1442 1700; x_wconf 74' lang='lat' dir='ltr'>feodum</span> <span class='ocrx_word' id='word_1_111' title='bbox 1580 1612 1582 1616; x_wconf 63' lang='lat'>&#39;</span> 
     </span>
    </p>
   </div>
   <div class='ocr_carea' id='block_1_7' title="bbox 340 1733 1444 1908">
    <p class='ocr_par' dir='ltr' id='par_1_8' title="bbox 340 1733 1444 1908">
     <span class='ocr_line' id='line_1_14' title="bbox 340 1733 1443 1816; baseline 0.007 -22"><span class='ocrx_word' id='word_1_112' title='bbox 340 1733 469 1798; x_wconf 91' lang='lat' dir='ltr'>dimidii</span> <span class='ocrx_word' id='word_1_113' title='bbox 506 1735 619 1801; x_wconf 88' lang='lat' dir='ltr'>militis</span> <span class='ocrx_word' id='word_1_114' title='bbox 649 1738 691 1802; x_wconf 91' lang='lat' dir='ltr'>de</span> <span class='ocrx_word' id='word_1_115' title='bbox 722 1738 847 1801; x_wconf 89' lang='lat' dir='ltr'>honore</span> <span class='ocrx_word' id='word_1_116' title='bbox 878 1739 1109 1816; x_wconf 88' lang='lat' dir='ltr'>Richmondie,</span> <span class='ocrx_word' id='word_1_117' title='bbox 1139 1749 1174 1803; x_wconf 90' lang='lat' dir='ltr'>et</span> <span class='ocrx_word' id='word_1_118' title='bbox 1204 1738 1370 1804; x_wconf 85' lang='lat' dir='ltr'>RaduIIus</span> <span class='ocrx_word' id='word_1_119' title='bbox 1399 1739 1443 1802; x_wconf 93' lang='lat' dir='ltr'>de</span> 
     </span>
     <span class='ocr_line' id='line_1_15' title="bbox 342 1836 1444 1908; baseline 0.004 -6"><span class='ocrx_word' id='word_1_120' title='bbox 342 1836 467 1902; x_wconf 89' lang='lat' dir='ltr'>Saham</span> <span class='ocrx_word' id='word_1_121' title='bbox 495 1851 586 1906; x_wconf 86' lang='lat' dir='ltr'>tenet</span> <span class='ocrx_word' id='word_1_122' title='bbox 610 1842 700 1907; x_wconf 86' lang='lat' dir='ltr'>aliud</span> <span class='ocrx_word' id='word_1_123' title='bbox 727 1843 904 1907; x_wconf 91' lang='lat' dir='ltr'>dimidium</span> <span class='ocrx_word' id='word_1_124' title='bbox 935 1843 1070 1908; x_wconf 81' lang='lat' dir='ltr'>feodum</span> <span class='ocrx_word' id='word_1_125' title='bbox 1101 1844 1215 1907; x_wconf 87' lang='lat' dir='ltr'>militis</span> <span class='ocrx_word' id='word_1_126' title='bbox 1245 1843 1287 1907; x_wconf 91' lang='lat' dir='ltr'>de</span> <span class='ocrx_word' id='word_1_127' title='bbox 1317 1843 1444 1906; x_wconf 88' lang='lat' dir='ltr'>honore</span> 
     </span>
    </p>
   </div>
   <div class='ocr_carea' id='block_1_8' title="bbox 342 1943 1581 2022">
    <p class='ocr_par' dir='ltr' id='par_1_9' title="bbox 342 1943 1581 2022">
     <span class='ocr_line' id='line_1_16' title="bbox 342 1943 1581 2022; baseline 0.002 -16"><span class='ocrx_word' id='word_1_128' title='bbox 342 1943 565 2010; x_wconf 90' lang='lat' dir='ltr'>Richmondie</span> <span class='ocrx_word' id='word_1_129' title='bbox 586 1955 619 2010; x_wconf 90' lang='lat' dir='ltr'>et</span> <span class='ocrx_word' id='word_1_130' title='bbox 642 1947 743 2011; x_wconf 90' lang='lat' dir='ltr'>debet</span> <span class='ocrx_word' id='word_1_131' title='bbox 764 1947 791 2011; x_wconf 93' lang='lat' dir='ltr'>.i.</span> <span class='ocrx_word' id='word_1_132' title='bbox 815 1958 951 2022; x_wconf 90' lang='lat' dir='ltr'>sectam,</span> <span class='ocrx_word' id='word_1_133' title='bbox 971 1958 1005 2011; x_wconf 91' lang='lat' dir='ltr'>et</span> <span class='ocrx_word' id='word_1_134' title='bbox 1025 1947 1069 2011; x_wconf 89' lang='lat' dir='ltr'>de</span> <span class='ocrx_word' id='word_1_135' title='bbox 1089 1948 1215 2011; x_wconf 87' lang='lat' dir='ltr'>auxilio</span> <span class='ocrx_word' id='word_1_136' title='bbox 1239 1949 1445 2011; x_wconf 89' lang='lat' dir='ltr'>vicecomitis</span> <span class='ocrx_word' id='word_1_137' title='bbox 1580 1948 1581 2009; x_wconf 60' lang='lat' dir='ltr'>I</span> 
     </span>
    </p>
   </div>
   <div class='ocr_carea' id='block_1_9' title="bbox 338 2047 1443 2447">
    <p class='ocr_par' dir='ltr' id='par_1_10' title="bbox 338 2047 1443 2447">
     <span class='ocr_line' id='line_1_17' title="bbox 340 2047 1443 2132; baseline 0.004 -22"><span class='ocrx_word' id='word_1_138' title='bbox 340 2047 404 2129; x_wconf 92' lang='lat' dir='ltr'>.ij.s.</span> <span class='ocrx_word' id='word_1_139' title='bbox 452 2048 581 2114; x_wconf 91' lang='lat' dir='ltr'>Ibidem</span> <span class='ocrx_word' id='word_1_140' title='bbox 597 2049 764 2132; x_wconf 89' lang='lat' dir='ltr'>Jordanus</span> <span class='ocrx_word' id='word_1_141' title='bbox 779 2052 823 2114; x_wconf 94' lang='lat' dir='ltr'>de</span> <span class='ocrx_word' id='word_1_142' title='bbox 843 2051 1030 2115; x_wconf 87' lang='lat' dir='ltr'>Aubemun</span> <span class='ocrx_word' id='word_1_143' title='bbox 1053 2060 1145 2115; x_wconf 88' lang='lat' dir='ltr'>tenet</span> <span class='ocrx_word' id='word_1_144' title='bbox 1160 2051 1337 2114; x_wconf 88' lang='lat' dir='ltr'>dimidium</span> <span class='ocrx_word' id='word_1_145' title='bbox 1353 2051 1443 2115; x_wconf 85' lang='lat' dir='ltr'>ieodi</span> 
     </span>
     <span class='ocr_line' id='line_1_18' title="bbox 340 2151 1443 2239; baseline 0.005 -24"><span class='ocrx_word' id='word_1_146' title='bbox 340 2151 368 2233; x_wconf 87' lang='lat' dir='ltr'>.j.</span> <span class='ocrx_word' id='word_1_147' title='bbox 384 2153 498 2217; x_wconf 90' lang='lat' dir='ltr'>militis</span> <span class='ocrx_word' id='word_1_148' title='bbox 512 2154 555 2218; x_wconf 91' lang='lat' dir='ltr'>de</span> <span class='ocrx_word' id='word_1_149' title='bbox 571 2155 704 2219; x_wconf 91' lang='lat' dir='ltr'>Comite</span> <span class='ocrx_word' id='word_1_150' title='bbox 720 2154 918 2219; x_wconf 86' lang='lat' dir='ltr'>MarescalIo</span> <span class='ocrx_word' id='word_1_151' title='bbox 932 2163 966 2218; x_wconf 88' lang='lat' dir='ltr'>et</span> <span class='ocrx_word' id='word_1_152' title='bbox 982 2175 1050 2218; x_wconf 89' lang='lat' dir='ltr'>non</span> <span class='ocrx_word' id='word_1_153' title='bbox 1069 2155 1171 2220; x_wconf 90' lang='lat' dir='ltr'>debet</span> <span class='ocrx_word' id='word_1_154' title='bbox 1191 2165 1316 2219; x_wconf 90' lang='lat' dir='ltr'>sectam</span> <span class='ocrx_word' id='word_1_155' title='bbox 1333 2177 1443 2239; x_wconf 88' lang='lat' dir='ltr'>neque</span> 
     </span>
     <span class='ocr_line' id='line_1_19' title="bbox 339 2257 1441 2341; baseline 0.004 -21"><span class='ocrx_word' id='word_1_156' title='bbox 339 2257 513 2322; x_wconf 89' lang='lat' dir='ltr'>auxilium.</span> <span class='ocrx_word' id='word_1_157' title='bbox 559 2259 687 2323; x_wconf 92' lang='lat' dir='ltr'>Ibidem</span> <span class='ocrx_word' id='word_1_158' title='bbox 704 2259 860 2325; x_wconf 83' lang='lat' dir='ltr'>Andreas</span> <span class='ocrx_word' id='word_1_159' title='bbox 876 2261 906 2324; x_wconf 91' lang='lat' dir='ltr'>le</span> <span class='ocrx_word' id='word_1_160' title='bbox 922 2261 1017 2341; x_wconf 88' lang='lat' dir='ltr'>Goys</span> <span class='ocrx_word' id='word_1_161' title='bbox 1031 2269 1124 2324; x_wconf 90' lang='lat' dir='ltr'>tenet</span> <span class='ocrx_word' id='word_1_162' title='bbox 1140 2260 1275 2324; x_wconf 88' lang='lat' dir='ltr'>feodum</span> <span class='ocrx_word' id='word_1_163' title='bbox 1285 2263 1313 2326; x_wconf 91' lang='lat' dir='ltr'>.i.</span> <span class='ocrx_word' id='word_1_164' title='bbox 1326 2261 1441 2326; x_wconf 89' lang='lat' dir='ltr'>militis</span> 
     </span>
     <span class='ocr_line' id='line_1_20' title="bbox 338 2361 1442 2447; baseline 0.005 -23"><span class='ocrx_word' id='word_1_165' title='bbox 338 2361 381 2425; x_wconf 91' lang='lat' dir='ltr'>de</span> <span class='ocrx_word' id='word_1_166' title='bbox 402 2363 500 2428; x_wconf 88' lang='lat' dir='ltr'>feodo</span> <span class='ocrx_word' id='word_1_167' title='bbox 523 2363 716 2447; x_wconf 86' lang='lat' dir='ltr'>Hardewyn</span> <span class='ocrx_word' id='word_1_168' title='bbox 737 2365 780 2430; x_wconf 89' lang='lat' dir='ltr'>de</span> <span class='ocrx_word' id='word_1_169' title='bbox 804 2365 968 2442; x_wconf 85' lang='lat' dir='ltr'>Scalariis‚</span> <span class='ocrx_word' id='word_1_170' title='bbox 983 2375 1018 2429; x_wconf 92' lang='lat' dir='ltr'>et</span> <span class='ocrx_word' id='word_1_171' title='bbox 1038 2366 1140 2430; x_wconf 91' lang='lat' dir='ltr'>debet</span> <span class='ocrx_word' id='word_1_172' title='bbox 1158 2367 1186 2430; x_wconf 87' lang='lat' dir='ltr'>.i.</span> <span class='ocrx_word' id='word_1_173' title='bbox 1202 2375 1327 2431; x_wconf 88' lang='lat' dir='ltr'>sectam</span> <span class='ocrx_word' id='word_1_174' title='bbox 1348 2368 1442 2431; x_wconf 89' lang='lat' dir='ltr'>etde</span> 
     </span>
    </p>
   </div>
   <div class='ocr_carea' id='block_1_10' title="bbox 328 2571 1441 4334">
    <p class='ocr_par' dir='ltr' id='par_1_11' title="bbox 336 2571 1441 2972">
     <span class='ocr_line' id='line_1_21' title="bbox 339 2571 1439 2639; baseline 0.004 -4"><span class='ocrx_word' id='word_1_175' title='bbox 339 2571 472 2636; x_wconf 88' lang='lat' dir='ltr'>Radulfi</span> <span class='ocrx_word' id='word_1_176' title='bbox 488 2573 531 2638; x_wconf 87' lang='lat' dir='ltr'>de</span> <span class='ocrx_word' id='word_1_177' title='bbox 548 2573 672 2638; x_wconf 87' lang='lat' dir='ltr'>Saham</span> <span class='ocrx_word' id='word_1_178' title='bbox 688 2584 721 2639; x_wconf 91' lang='lat' dir='ltr'>et</span> <span class='ocrx_word' id='word_1_179' title='bbox 735 2574 844 2637; x_wconf 85' lang='lat' dir='ltr'>Alicie</span> <span class='ocrx_word' id='word_1_180' title='bbox 858 2574 901 2637; x_wconf 87' lang='lat' dir='ltr'>de</span> <span class='ocrx_word' id='word_1_181' title='bbox 918 2574 1110 2637; x_wconf 86' lang='lat' dir='ltr'>Fumeuiila</span> <span class='ocrx_word' id='word_1_182' title='bbox 1124 2583 1159 2637; x_wconf 89' lang='lat' dir='ltr'>et</span> <span class='ocrx_word' id='word_1_183' title='bbox 1173 2574 1298 2638; x_wconf 86' lang='lat' dir='ltr'>debent</span> <span class='ocrx_word' id='word_1_184' title='bbox 1313 2585 1439 2639; x_wconf 91' lang='lat' dir='ltr'>sectam</span> 
     </span>
     <span class='ocr_line' id='line_1_22' title="bbox 336 2678 1441 2761; baseline 0.003 -20"><span class='ocrx_word' id='word_1_185' title='bbox 336 2688 369 2741; x_wconf 91' lang='lat' dir='ltr'>et</span> <span class='ocrx_word' id='word_1_186' title='bbox 387 2679 591 2761; x_wconf 84' lang='lat' dir='ltr'>pontagium.</span> <span class='ocrx_word' id='word_1_187' title='bbox 637 2678 682 2742; x_wconf 90' lang='lat' dir='ltr'>Et</span> <span class='ocrx_word' id='word_1_188' title='bbox 697 2689 775 2743; x_wconf 88' lang='lat' dir='ltr'>sunt</span> <span class='ocrx_word' id='word_1_189' title='bbox 792 2678 914 2742; x_wconf 90' lang='lat' dir='ltr'>ibidem</span> <span class='ocrx_word' id='word_1_190' title='bbox 934 2699 993 2761; x_wconf 89' lang='lat' dir='ltr'>per</span> <span class='ocrx_word' id='word_1_191' title='bbox 1012 2688 1121 2743; x_wconf 90' lang='lat' dir='ltr'>totum</span> <span class='ocrx_word' id='word_1_192' title='bbox 1137 2701 1206 2744; x_wconf 87' lang='lat' dir='ltr'>.xx.</span> <span class='ocrx_word' id='word_1_193' title='bbox 1221 2679 1307 2744; x_wconf 81' lang='lat' dir='ltr'>hide</span> <span class='ocrx_word' id='word_1_194' title='bbox 1353 2680 1441 2744; x_wconf 78' lang='lat' dir='ltr'>Clai.</span> 
     </span>
     <span class='ocr_line' id='line_1_23' title="bbox 337 2783 1439 2866; baseline 0.002 -20"><span class='ocrx_word' id='word_1_195' title='bbox 337 2785 429 2848; x_wconf 90' lang='lat' dir='ltr'>Prior</span> <span class='ocrx_word' id='word_1_196' title='bbox 459 2783 501 2848; x_wconf 88' lang='lat' dir='ltr'>de</span> <span class='ocrx_word' id='word_1_197' title='bbox 533 2783 725 2848; x_wconf 84' lang='lat' dir='ltr'>Witlesiord</span> <span class='ocrx_word' id='word_1_198' title='bbox 762 2794 856 2848; x_wconf 90' lang='lat' dir='ltr'>tenet</span> <span class='ocrx_word' id='word_1_199' title='bbox 890 2786 918 2847; x_wconf 89' lang='lat' dir='ltr'>.i.</span> <span class='ocrx_word' id='word_1_200' title='bbox 949 2785 1113 2866; x_wconf 85' lang='lat' dir='ltr'>virgatam</span> <span class='ocrx_word' id='word_1_201' title='bbox 1150 2794 1236 2848; x_wconf 86' lang='lat' dir='ltr'>terre</span> <span class='ocrx_word' id='word_1_202' title='bbox 1264 2785 1308 2848; x_wconf 90' lang='lat' dir='ltr'>de</span> <span class='ocrx_word' id='word_1_203' title='bbox 1339 2785 1439 2848; x_wconf 88' lang='lat' dir='ltr'>feodo</span> 
     </span>
     <span class='ocr_line' id='line_1_24' title="bbox 336 2888 1362 2972; baseline 0.003 -22"><span class='ocrx_word' id='word_1_204' title='bbox 336 2888 494 2953; x_wconf 87' lang='lat' dir='ltr'>Wilielmi</span> <span class='ocrx_word' id='word_1_205' title='bbox 518 2889 561 2952; x_wconf 89' lang='lat' dir='ltr'>de</span> <span class='ocrx_word' id='word_1_206' title='bbox 584 2889 746 2954; x_wconf 87' lang='lat' dir='ltr'>Coieuilla</span> <span class='ocrx_word' id='word_1_207' title='bbox 769 2899 804 2953; x_wconf 91' lang='lat' dir='ltr'>et</span> <span class='ocrx_word' id='word_1_208' title='bbox 825 2888 927 2954; x_wconf 86' lang='lat' dir='ltr'>debet</span> <span class='ocrx_word' id='word_1_209' title='bbox 949 2897 1075 2952; x_wconf 88' lang='lat' dir='ltr'>sectam</span> <span class='ocrx_word' id='word_1_210' title='bbox 1099 2897 1133 2952; x_wconf 91' lang='lat' dir='ltr'>et</span> <span class='ocrx_word' id='word_1_211' title='bbox 1155 2891 1362 2972; x_wconf 87' lang='lat' dir='ltr'>pontagium.</span> 
     </span>
    </p>

    <p class='ocr_par' dir='ltr' id='par_1_12' title="bbox 333 2992 1439 3584">
     <span class='ocr_line' id='line_1_25' title="bbox 409 2992 1439 3078; baseline 0 -21"><span class='ocrx_word' id='word_1_212' title='bbox 409 2993 601 3077; x_wconf 73' lang='lat' dir='ltr'>Witlessord</span> <span class='ocrx_word' id='word_1_213' title='bbox 634 2992 906 3078; x_wconf 65' lang='lat' dir='ltr'>[WhittlesfordI</span> <span class='ocrx_word' id='word_1_214' title='bbox 956 2994 1069 3076; x_wconf 84' lang='lat' dir='ltr'>Roger</span> <span class='ocrx_word' id='word_1_215' title='bbox 1104 2993 1147 3057; x_wconf 91' lang='lat' dir='ltr'>de</span> <span class='ocrx_word' id='word_1_216' title='bbox 1186 2994 1309 3077; x_wconf 88' lang='lat' dir='ltr'>Akeny</span> <span class='ocrx_word' id='word_1_217' title='bbox 1346 3003 1439 3058; x_wconf 88' lang='lat' dir='ltr'>tenet</span> 
     </span>
     <span class='ocr_line' id='line_1_26' title="bbox 336 3097 1438 3183; baseline 0 -21"><span class='ocrx_word' id='word_1_218' title='bbox 336 3100 518 3162; x_wconf 89' lang='lat' dir='ltr'>manerium</span> <span class='ocrx_word' id='word_1_219' title='bbox 528 3100 571 3162; x_wconf 91' lang='lat' dir='ltr'>de</span> <span class='ocrx_word' id='word_1_220' title='bbox 582 3097 775 3164; x_wconf 86' lang='lat' dir='ltr'>Witlesiord</span> <span class='ocrx_word' id='word_1_221' title='bbox 788 3099 831 3162; x_wconf 89' lang='lat' dir='ltr'>de</span> <span class='ocrx_word' id='word_1_222' title='bbox 844 3098 991 3162; x_wconf 88' lang='lat' dir='ltr'>Radulio</span> <span class='ocrx_word' id='word_1_223' title='bbox 1000 3100 1042 3163; x_wconf 92' lang='lat' dir='ltr'>de</span> <span class='ocrx_word' id='word_1_224' title='bbox 1058 3099 1180 3183; x_wconf 88' lang='lat' dir='ltr'>Thony</span> <span class='ocrx_word' id='word_1_225' title='bbox 1191 3120 1249 3182; x_wconf 92' lang='lat' dir='ltr'>per</span> <span class='ocrx_word' id='word_1_226' title='bbox 1257 3101 1438 3182; x_wconf 84' lang='lat' dir='ltr'>socagium‚</span> 
     </span>
     <span class='ocr_line' id='line_1_27' title="bbox 334 3203 1436 3288; baseline 0.001 -21"><span class='ocrx_word' id='word_1_227' title='bbox 334 3205 380 3268; x_wconf 90' lang='lat' dir='ltr'>ita</span> <span class='ocrx_word' id='word_1_228' title='bbox 410 3206 501 3287; x_wconf 90' lang='lat' dir='ltr'>quod</span> <span class='ocrx_word' id='word_1_229' title='bbox 528 3204 629 3268; x_wconf 92' lang='lat' dir='ltr'>debet</span> <span class='ocrx_word' id='word_1_230' title='bbox 653 3203 741 3288; x_wconf 87' lang='lat' dir='ltr'>[ire]¹</span> <span class='ocrx_word' id='word_1_231' title='bbox 768 3224 845 3268; x_wconf 87' lang='lat' dir='ltr'>cum</span> <span class='ocrx_word' id='word_1_232' title='bbox 872 3203 1023 3287; x_wconf 89' lang='lat' dir='ltr'>predicto</span> <span class='ocrx_word' id='word_1_233' title='bbox 1051 3203 1197 3268; x_wconf 82' lang='lat' dir='ltr'>Radulio</span> <span class='ocrx_word' id='word_1_234' title='bbox 1223 3206 1259 3268; x_wconf 82' lang='lat' dir='ltr'>io</span> <span class='ocrx_word' id='word_1_235' title='bbox 1285 3205 1436 3268; x_wconf 90' lang='lat' dir='ltr'>exercitu</span> 
     </span>
     <span class='ocr_line' id='line_1_28' title="bbox 334 3307 1437 3392; baseline 0.002 -20"><span class='ocrx_word' id='word_1_236' title='bbox 334 3309 469 3392; x_wconf 85' lang='lat' dir='ltr'>quando</span> <span class='ocrx_word' id='word_1_237' title='bbox 492 3309 580 3373; x_wconf 88' lang='lat' dir='ltr'>idem</span> <span class='ocrx_word' id='word_1_238' title='bbox 603 3308 766 3373; x_wconf 85' lang='lat' dir='ltr'>Radulius</span> <span class='ocrx_word' id='word_1_239' title='bbox 787 3309 849 3373; x_wconf 82' lang='lat' dir='ltr'>ibit</span> <span class='ocrx_word' id='word_1_240' title='bbox 868 3329 946 3372; x_wconf 89' lang='lat' dir='ltr'>cum</span> <span class='ocrx_word' id='word_1_241' title='bbox 964 3307 1103 3372; x_wconf 88' lang='lat' dir='ltr'>domino</span> <span class='ocrx_word' id='word_1_242' title='bbox 1120 3309 1213 3392; x_wconf 85' lang='lat' dir='ltr'>Rege</span> <span class='ocrx_word' id='word_1_243' title='bbox 1229 3309 1262 3373; x_wconf 90' lang='lat' dir='ltr'>in</span> <span class='ocrx_word' id='word_1_244' title='bbox 1277 3311 1437 3374; x_wconf 89' lang='lat' dir='ltr'>exercitu.</span> 
     </span>
     <span class='ocr_line' id='line_1_29' title="bbox 334 3413 1438 3498; baseline 0.003 -20"><span class='ocrx_word' id='word_1_245' title='bbox 334 3413 380 3478; x_wconf 88' lang='lat' dir='ltr'>Et</span> <span class='ocrx_word' id='word_1_246' title='bbox 406 3415 529 3480; x_wconf 90' lang='lat' dir='ltr'>ibidem</span> <span class='ocrx_word' id='word_1_247' title='bbox 551 3425 628 3480; x_wconf 90' lang='lat' dir='ltr'>sunt</span> <span class='ocrx_word' id='word_1_248' title='bbox 650 3413 718 3496; x_wconf 78' lang='lat' dir='ltr'>,xij.</span> <span class='ocrx_word' id='word_1_249' title='bbox 738 3415 818 3478; x_wconf 92' lang='lat' dir='ltr'>hide</span> <span class='ocrx_word' id='word_1_250' title='bbox 835 3424 922 3478; x_wconf 89' lang='lat' dir='ltr'>terre</span> <span class='ocrx_word' id='word_1_251' title='bbox 944 3434 1011 3478; x_wconf 90' lang='lat' dir='ltr'>non</span> <span class='ocrx_word' id='word_1_252' title='bbox 1037 3415 1229 3498; x_wconf 86' lang='lat' dir='ltr'>geldabiles.</span> <span class='ocrx_word' id='word_1_253' title='bbox 1274 3415 1385 3480; x_wconf 90' lang='lat' dir='ltr'>Debet</span> <span class='ocrx_word' id='word_1_254' title='bbox 1408 3415 1438 3498; x_wconf 83' lang='lat' dir='ltr'>.j.</span> 
     </span>
     <span class='ocr_line' id='line_1_30' title="bbox 333 3529 466 3584; baseline -0.008 -1"><span class='ocrx_word' id='word_1_255' title='bbox 333 3529 466 3584; x_wconf 87' lang='lat' dir='ltr'>sectam.</span> 
     </span>
    </p>

    <p class='ocr_par' dir='ltr' id='par_1_13' title="bbox 328 3620 1438 4334">
     <span class='ocr_line' id='line_1_31' title="bbox 398 3620 1437 3707; baseline 0 -21"><span class='ocrx_word' id='word_1_256' title='bbox 398 3622 540 3688; x_wconf 83' lang='lat' dir='ltr'>Sauston</span> <span class='ocrx_word' id='word_1_257' title='bbox 578 3621 769 3707; x_wconf 88' lang='lat' dir='ltr'>[Sawston].</span> <span class='ocrx_word' id='word_1_258' title='bbox 816 3620 980 3687; x_wconf 89' lang='lat' dir='ltr'>Ricardus</span> <span class='ocrx_word' id='word_1_259' title='bbox 1017 3621 1061 3686; x_wconf 93' lang='lat' dir='ltr'>de</span> <span class='ocrx_word' id='word_1_260' title='bbox 1097 3621 1303 3686; x_wconf 88' lang='lat' dir='ltr'>Attaueston</span> <span class='ocrx_word' id='word_1_261' title='bbox 1344 3632 1437 3687; x_wconf 87' lang='lat' dir='ltr'>tenet</span> 
     </span>
     <span class='ocr_line' id='line_1_32' title="bbox 332 3726 1437 3811; baseline 0.004 -21"><span class='ocrx_word' id='word_1_262' title='bbox 332 3727 430 3792; x_wconf 84' lang='lat' dir='ltr'>feoda</span> <span class='ocrx_word' id='word_1_263' title='bbox 451 3727 493 3810; x_wconf 83' lang='lat' dir='ltr'>ij.</span> <span class='ocrx_word' id='word_1_264' title='bbox 516 3727 659 3791; x_wconf 92' lang='lat' dir='ltr'>militum</span> <span class='ocrx_word' id='word_1_265' title='bbox 682 3728 725 3792; x_wconf 90' lang='lat' dir='ltr'>de</span> <span class='ocrx_word' id='word_1_266' title='bbox 747 3726 886 3790; x_wconf 90' lang='lat' dir='ltr'>domino</span> <span class='ocrx_word' id='word_1_267' title='bbox 909 3726 1004 3810; x_wconf 85' lang='lat' dir='ltr'>Rege</span> <span class='ocrx_word' id='word_1_268' title='bbox 1027 3728 1060 3791; x_wconf 88' lang='lat' dir='ltr'>in</span> <span class='ocrx_word' id='word_1_269' title='bbox 1083 3727 1203 3811; x_wconf 84' lang='lat' dir='ltr'>capite,</span> <span class='ocrx_word' id='word_1_270' title='bbox 1224 3734 1260 3790; x_wconf 90' lang='lat' dir='ltr'>et</span> <span class='ocrx_word' id='word_1_271' title='bbox 1283 3727 1384 3791; x_wconf 91' lang='lat' dir='ltr'>debet</span> <span class='ocrx_word' id='word_1_272' title='bbox 1407 3728 1437 3810; x_wconf 90' lang='lat' dir='ltr'>.j.</span> 
     </span>
     <span class='ocr_line' id='line_1_33' title="bbox 331 3829 1438 3914; baseline 0 -18"><span class='ocrx_word' id='word_1_273' title='bbox 331 3841 466 3910; x_wconf 88' lang='lat' dir='ltr'>sectam,</span> <span class='ocrx_word' id='word_1_274' title='bbox 481 3841 515 3896; x_wconf 90' lang='lat' dir='ltr'>et</span> <span class='ocrx_word' id='word_1_275' title='bbox 530 3831 572 3896; x_wconf 90' lang='lat' dir='ltr'>de</span> <span class='ocrx_word' id='word_1_276' title='bbox 588 3832 715 3896; x_wconf 87' lang='lat' dir='ltr'>auxilio</span> <span class='ocrx_word' id='word_1_277' title='bbox 735 3830 940 3895; x_wconf 87' lang='lat' dir='ltr'>vicecomitis</span> <span class='ocrx_word' id='word_1_278' title='bbox 961 3829 1027 3911; x_wconf 70' lang='lat' dir='ltr'>ijs.</span> <span class='ocrx_word' id='word_1_279' title='bbox 1043 3851 1102 3914; x_wconf 88' lang='lat' dir='ltr'>per</span> <span class='ocrx_word' id='word_1_280' title='bbox 1117 3851 1252 3895; x_wconf 90' lang='lat' dir='ltr'>annum.</span> <span class='ocrx_word' id='word_1_281' title='bbox 1298 3831 1344 3896; x_wconf 88' lang='lat' dir='ltr'>Et</span> <span class='ocrx_word' id='word_1_282' title='bbox 1359 3843 1438 3896; x_wconf 90' lang='lat' dir='ltr'>sunt</span> 
     </span>
     <span class='ocr_line' id='line_1_34' title="bbox 331 3933 1437 4019; baseline 0 -19"><span class='ocrx_word' id='word_1_283' title='bbox 331 3937 375 4001; x_wconf 95' lang='lat' dir='ltr'>ibi</span> <span class='ocrx_word' id='word_1_284' title='bbox 393 3936 456 4019; x_wconf 86' lang='lat' dir='ltr'>iiij.</span> <span class='ocrx_word' id='word_1_285' title='bbox 471 3937 561 4019; x_wconf 88' lang='lat' dir='ltr'>hyde</span> <span class='ocrx_word' id='word_1_286' title='bbox 576 3934 768 4018; x_wconf 86' lang='lat' dir='ltr'>geldabiles.</span> <span class='ocrx_word' id='word_1_287' title='bbox 809 3934 940 3998; x_wconf 89' lang='lat' dir='ltr'>Ibidem</span> <span class='ocrx_word' id='word_1_288' title='bbox 957 3933 1125 3998; x_wconf 90' lang='lat' dir='ltr'>Robertus</span> <span class='ocrx_word' id='word_1_289' title='bbox 1137 3933 1180 3998; x_wconf 90' lang='lat' dir='ltr'>de</span> <span class='ocrx_word' id='word_1_290' title='bbox 1196 3935 1327 4000; x_wconf 90' lang='lat' dir='ltr'>Someri</span> <span class='ocrx_word' id='word_1_291' title='bbox 1343 3947 1437 4001; x_wconf 88' lang='lat' dir='ltr'>tenet</span> 
     </span>
     <span class='ocr_line' id='line_1_35' title="bbox 330 4036 1436 4126; baseline -0.003 -19"><span class='ocrx_word' id='word_1_292' title='bbox 330 4041 371 4124; x_wconf 78' lang='lat' dir='ltr'>‚ij.</span> <span class='ocrx_word' id='word_1_293' title='bbox 386 4051 497 4126; x_wconf 89' lang='lat' dir='ltr'>partes</span> <span class='ocrx_word' id='word_1_294' title='bbox 513 4041 553 4122; x_wconf 50' lang='lat' dir='ltr'>,ij0</span> <span class='ocrx_word' id='word_1_295' title='bbox 570 4040 711 4103; x_wconf 87' lang='lat' dir='ltr'>militum</span> <span class='ocrx_word' id='word_1_296' title='bbox 729 4039 771 4102; x_wconf 91' lang='lat' dir='ltr'>de</span> <span class='ocrx_word' id='word_1_297' title='bbox 788 4038 886 4102; x_wconf 80' lang='lat' dir='ltr'>feodo</span> <span class='ocrx_word' id='word_1_298' title='bbox 907 4037 1049 4103; x_wconf 87' lang='lat' dir='ltr'>Comitis</span> <span class='ocrx_word' id='word_1_299' title='bbox 1066 4036 1181 4113; x_wconf 78' lang='lat' dir='ltr'>Esseir,</span> <span class='ocrx_word' id='word_1_300' title='bbox 1202 4047 1235 4102; x_wconf 89' lang='lat' dir='ltr'>et</span> <span class='ocrx_word' id='word_1_301' title='bbox 1251 4058 1317 4101; x_wconf 89' lang='lat' dir='ltr'>non</span> <span class='ocrx_word' id='word_1_302' title='bbox 1334 4038 1436 4104; x_wconf 90' lang='lat' dir='ltr'>debet</span> 
     </span>
     <span class='ocr_line' id='line_1_36' title="bbox 329 4139 1437 4228; baseline -0.003 -18"><span class='ocrx_word' id='word_1_303' title='bbox 329 4158 454 4210; x_wconf 88' lang='lat' dir='ltr'>sectam</span> <span class='ocrx_word' id='word_1_304' title='bbox 486 4165 593 4228; x_wconf 90' lang='lat' dir='ltr'>neque</span> <span class='ocrx_word' id='word_1_305' title='bbox 630 4143 802 4207; x_wconf 86' lang='lat' dir='ltr'>auxilium.</span> <span class='ocrx_word' id='word_1_306' title='bbox 848 4141 966 4205; x_wconf 87' lang='lat' dir='ltr'>Abbas</span> <span class='ocrx_word' id='word_1_307' title='bbox 996 4141 1039 4204; x_wconf 89' lang='lat' dir='ltr'>de</span> <span class='ocrx_word' id='word_1_308' title='bbox 1077 4139 1241 4225; x_wconf 89' lang='lat' dir='ltr'>Gresteyn</span> <span class='ocrx_word' id='word_1_309' title='bbox 1273 4151 1365 4206; x_wconf 90' lang='lat' dir='ltr'>tenet</span> <span class='ocrx_word' id='word_1_310' title='bbox 1395 4144 1437 4208; x_wconf 84' lang='lat' dir='ltr'>ii.</span> 
     </span>
     <span class='ocr_line' id='line_1_37' title="bbox 328 4245 1436 4334; baseline -0.002 -20"><span class='ocrx_word' id='word_1_311' title='bbox 328 4251 436 4334; x_wconf 88' lang='lat' dir='ltr'>hydas</span> <span class='ocrx_word' id='word_1_312' title='bbox 451 4259 538 4314; x_wconf 88' lang='lat' dir='ltr'>terre</span> <span class='ocrx_word' id='word_1_313' title='bbox 554 4249 586 4311; x_wconf 87' lang='lat' dir='ltr'>in</span> <span class='ocrx_word' id='word_1_314' title='bbox 608 4247 835 4322; x_wconf 88' lang='lat' dir='ltr'>elemosinam,</span> <span class='ocrx_word' id='word_1_315' title='bbox 856 4255 890 4310; x_wconf 91' lang='lat' dir='ltr'>et</span> <span class='ocrx_word' id='word_1_316' title='bbox 911 4253 988 4309; x_wconf 89' lang='lat' dir='ltr'>sunt</span> <span class='ocrx_word' id='word_1_317' title='bbox 1012 4245 1136 4309; x_wconf 90' lang='lat' dir='ltr'>ibidem</span> <span class='ocrx_word' id='word_1_318' title='bbox 1158 4266 1218 4329; x_wconf 91' lang='lat' dir='ltr'>per</span> <span class='ocrx_word' id='word_1_319' title='bbox 1233 4256 1342 4312; x_wconf 90' lang='lat' dir='ltr'>totum</span> <span class='ocrx_word' id='word_1_320' title='bbox 1359 4249 1436 4330; x_wconf 81' lang='lat' dir='ltr'>¹viij.</span> 
     </span>
    </p>
   </div>
   <div class='ocr_carea' id='block_1_11' title="bbox 328 4355 1167 4522">
    <p class='ocr_par' dir='ltr' id='par_1_14' title="bbox 328 4355 1167 4522">
     <span class='ocr_line' id='line_1_38' title="bbox 328 4355 514 4420; baseline -0.016 0"><span class='ocrx_word' id='word_1_321' title='bbox 328 4355 406 4420; x_wconf 91' lang='lat' dir='ltr'>hide</span> <span class='ocrx_word' id='word_1_322' title='bbox 420 4364 514 4419; x_wconf 88' lang='lat' dir='ltr'>terre.</span> 
     </span>
     <span class='ocr_line' id='line_1_39' title="bbox 605 4453 1167 4522; baseline -0.002 -14"><span class='ocrx_word' id='word_1_323' title='bbox 605 4453 614 4488; x_wconf 94' lang='lat'><strong>¹</strong></span> <span class='ocrx_word' id='word_1_324' title='bbox 631 4456 802 4514; x_wconf 66' lang='lat' dir='ltr'>haberetis.</span> <span class='ocrx_word' id='word_1_325' title='bbox 836 4458 884 4510; x_wconf 76' lang='lat' dir='ltr'>see</span> <span class='ocrx_word' id='word_1_326' title='bbox 897 4457 956 4509; x_wconf 86' lang='lat' dir='ltr'>Rot.</span> <span class='ocrx_word' id='word_1_327' title='bbox 970 4456 1060 4508; x_wconf 70' lang='lat' dir='ltr'>Hand.</span> <span class='ocrx_word' id='word_1_328' title='bbox 1071 4456 1098 4507; x_wconf 85' lang='lat' dir='ltr'>ii.</span> <span class='ocrx_word' id='word_1_329' title='bbox 1110 4470 1167 4522; x_wconf 77' lang='lat'>571·</span> 
     </span>
    </p>
   </div>
   <div class='ocr_carea' id='block_1_12' title="bbox 0 0 1600 5067">
    <p class='ocr_par' dir='ltr' id='par_1_15' title="bbox 0 0 1600 5067">
     <span class='ocr_line' id='line_1_40' title="bbox 0 0 1600 5067; baseline 0 6"><span class='ocrx_word' id='word_1_330' title='bbox 0 0 1600 5067; x_wconf 95' lang='lat' dir='ltr'> </span> 
     </span>
    </p>
   </div>
  </div>
 </body>
</html>
