3192 5067
354 297 425 388 298
599 295 638 369 T
630 308 762 372 erronts
788 299 830 371 in
856 300 999 386 Boura,
1030 297 1218 374 caldecote
1335 294 1460 399 [Boon

413 481 601 548 Wilielmus
618 483 699 550 Scot
714 495 808 550 sutor
822 497 915 552 tenet
929 487 1101 572 quoddam
1116 487 1267 552 clausum
1281 488 1327 552 ad
1338 488 1459 551 volun-

347 595 452 652 tatem
470 587 598 666 Prioris,
613 599 648 653 et
662 590 763 655 debet
779 611 979 674 perannum
995 593 1071 656 .xvi
1086 595 1249 658 denarios„

412 689 579 756 Walterus
602 691 633 756 le
657 693 775 777 Longe
796 703 890 760 tenet
912 696 1084 779 quoddam
1107 696 1257 762 clausum
1277 696 1323 760 ad
1338 696 1458 761 voiun-

346 803 451 860 tatem
489 795 609 860 Prioris
646 817 722 861 cum
760 798 876 877 crofta,
904 809 939 864 et
969 799 1068 865 saciet
1097 811 1242 885 quatuor
1270 821 1393 884 operas
1422 801 1456 864 in

345 906 540 982 autumpno,
561 909 596 964 et
617 899 719 966 debet
742 923 801 985 per
822 923 947 968 annum
969 903 1012 986 ij.
1035 904 1168 968 solidos.

411 1003 598 1068 Willelmus
614 1003 725 1070 Euote
740 1015 833 1070 tenet
846 1007 1019 1088 quoddam
1031 1007 1181 1072 clausum
1196 1028 1273 1072 cum
1288 1008 1397 1072 crosta
1412 1009 1456 1072 ad

345 1105 525 1170 terminum
541 1106 609 1172 vite
623 1117 658 1172 et
673 1107 774 1173 debet
789 1127 989 1192 perannum
1004 1109 1057 1192 iij.
1073 1111 1206 1176 solidos

900 1213 1042 1280 Summa
1056 1236 1099 1278 .x.
1114 1213 1213 1280 solidi
1227 1213 1302 1296 .viij.
1316 1213 1457 1277 denarii

412 1383 578 1449 Redditus
615 1385 768 1451 annualis
804 1388 848 1452 de
884 1391 1077 1455 tenentibus
1112 1392 1170 1474 qui
1203 1401 1382 1456 tenuerunt
1412 1393 1456 1455 de

348 1503 496 1570 Roberto
519 1505 618 1572 Bette
640 1507 673 1570 in
696 1505 775 1572 vilia
797 1508 840 1572 de
864 1509 1018 1574 Brunne:

411 1757 464 1822 De
481 1759 629 1823 Roberto
645 1757 713 1822 filio
729 1759 858 1824 Albrici
873 1760 969 1826 West
984 1780 1183 1844 perannum
1199 1760 1241 1842 ij.
1256 1760 1421 1823 denarios

409 1861 464 1926 De
480 1863 630 1948 Symone
646 1863 813 1947 Berenger
826 1883 886 1946 per
900 1885 1025 1929 annum
1041 1863 1071 1948 .j.
1086 1864 1260 1929 denarium
1275 1863 1329 1928 ob.

411 1967 463 2032 De
477 1967 632 2050 Johanne
649 1967 799 2032 Norman
816 1987 1016 2051 perannum
1032 1968 1093 2033 ob.

1067 2072 1209 2138 Summa
1223 2071 1297 2154 .viiJ.
1314 2073 1454 2136 denarii

410 2200 576 2266 Redditus
592 2201 744 2266 annualis
761 2203 804 2266 de
820 2201 974 2265 Brunne:

411 2347 464 2412 De
484 2347 624 2413 domino
646 2347 798 2414 Gilberto
815 2347 923 2412 Peche
945 2349 987 2412 ad
1012 2347 1133 2412 festum
1151 2349 1259 2412 sancti
1276 2348 1454 2414 Michaelis

344 2473 434 2516 .xxv.
459 2452 591 2518 solidos.

410 2559 462 2622 De
491 2559 611 2624 eodem
642 2559 792 2626 Gilberto
825 2559 932 2624 Peche
961 2559 1005 2622 ad
1037 2559 1160 2624 Nataie
1191 2559 1328 2624 Domini
1359 2582 1453 2625 .xxv.

344 2662 476 2727 solidos.

409 2768 462 2830 De
478 2767 596 2832 eodem
613 2767 764 2834 Gilberto
778 2770 822 2834 ad
840 2769 968 2833 Pascha
983 2791 1074 2834 .xxv.
1090 2768 1223 2832 solidos.
1567 2828 1568 2869 ἓ

410 2872 463 2936 De
499 2873 617 2938 eodem
655 2875 697 2936 ad
736 2874 858 2939 festum
897 2873 1094 2938 Natiuitatis
1132 2873 1249 2939 Sancti
1285 2873 1454 2956 johannis
1567 2890 1568 2935 ;

346 2977 498 3060 Baptista
521 2997 612 3042 ‚xxv.
635 2977 768 3042 solidos.
1148 2976 1290 3044 Summa
1305 3001 1344 3042 .v.
1359 2978 1453 3044 libre
1567 2978 1568 3001 ¹

590 3117 730 3183 Summa
744 3119 859 3184 totalis
873 3118 917 3182 de
933 3119 1067 3182 Brunne
1082 3118 1144 3201 .vij.
1160 3117 1232 3184 mr.
1248 3119 1325 3200 .vjs.
1342 3118 1453 3200 .viijd.
1567 3192 1568 3215 χ

758 3423 804 3484 18.
849 3418 1049 3504 [caldecote]

251 3575 329 3628 [168
409 3569 469 3633 Isti
507 3579 584 3633 sunt
622 3567 724 3632 libere
760 3578 912 3632 tenentes
951 3569 1072 3633 Prioris
1108 3569 1151 3633 de
1183 3569 1385 3632 Bernewelle
1416 3571 1451 3634 in

343 3693 543 3759 Caldecote:

317 3822 322 3831 ’
409 3835 471 3898 Pro
487 3833 616 3898 decima
633 3832 815 3896 molendini
831 3831 874 3895 de
890 3829 1070 3896 Caidecote
1086 3829 1127 3911 ij.
1143 3830 1275 3894 solidos.

408 3936 576 4002 Galfridus
598 3935 694 4020 Crisp
715 3945 807 4000 tenet
830 3956 931 3999 unam
952 3935 1115 4018 virgatam
1137 3943 1224 3998 terre
1239 3955 1297 4018 per
1311 3945 1453 4014 cartam,

342 4051 376 4106 et
393 4041 501 4106 reddit
517 4042 594 4105 inde
610 4061 808 4124 perannum
824 4040 889 4122 iiij.
905 4038 1030 4104 solidos
1045 4037 1110 4120 iiij.
1125 4039 1289 4102 denarios

408 4149 575 4212 Robertus
611 4149 654 4211 de
692 4147 826 4212 Brunne
863 4155 957 4210 tenet
992 4146 1163 4229 quoddam
1200 4144 1352 4208 clausum
1391 4168 1454 4230 per

342 4263 467 4318 cartam
496 4252 585 4336 [cum
616 4249 753 4333 croitisJ,
776 4260 810 4313 et
833 4250 943 4314 reddit
967 4249 1044 4313 inde
1067 4269 1273 4331 perannum
1297 4249 1364 4332 .xij.
1390 4253 1453 4316 de-

342 4361 453 4425 narios
476 4358 524 4442 [et
547 4379 646 4422 vnam
671 4358 786 4420 libram
812 4355 947 4438 ciminiJ.
