3192 5067
172 344 227 449 ιν]
277 347 380 422 How
405 345 466 419 tle
491 345 633 443 Br'slzop
659 344 707 442 of
724 343 803 440 Ely
828 344 897 416 lost
922 341 981 415 his
1006 349 1149 437 temper
1205 362 1270 410 221

200 683 249 750 27.
295 670 346 734 De
367 669 591 752 indignatione
612 667 766 751 Episcopi
785 678 817 732 et
838 664 1088 730 reconciliatione
1110 660 1255 726 Eccksie.

241 825 320 890 Post
358 825 548 890 incendium
587 835 816 890 conuenerunt
852 823 970 888 fratres
1007 821 1050 886 ad
1088 817 1279 884 faciendum
1293 814 1435 909 2⁰32&

174 930 372 1014 obsequium
388 931 540 995 diuinum
558 931 591 993 in
608 929 737 1012 capella
757 929 856 992 beate
880 927 995 1003 Mario,
1010 945 1076 1008 que
1097 922 1188 1007 prius
1208 930 1280 985 erat
1293 917 1361 1018 27¹5?
1372 914 1425 1007 032¹

174 1035 339 1114 dedicata,
354 1047 388 1101 et
404 1037 527 1100 ibidem
543 1035 796 1100 celebrauerunt
818 1034 938 1097 missas
956 1038 1047 1095 suas¹
1068 1029 1282 1110 sollempnes,
1294 1016 1439 1109 ejsse‘ffi‘f

176 1160 242 1204 non
256 1140 327 1204 sine
340 1160 465 1222 magno
476 1140 599 1217 dolore,
610 1149 645 1204 et
662 1139 845 1203 matutinas
857 1159 934 1202 suas
946 1146 1111 1201 nocturno
1120 1143 1282 1217 tempore,
1294 1122 1417 1210 ξξέζξέἧ.

176 1251 243 1309 non
270 1247 342 1309 sine
373 1265 497 1328 magno
527 1246 656 1321 timore,
682 1265 741 1328 per
767 1253 877 1308 totum
904 1261 1030 1306 annum
1057 1239 1222 1321 integrum
1247 1247 1282 1302 et
1294 1216 1445 1311 {fflbffih'

177 1372 277 1435 supra
307 1372 412 1435 usque
441 1352 483 1415 ad
515 1351 604 1414 diem
638 1349 918 1414 reconciliacionis
950 1368 1016 1431 que
1051 1346 1140 1410 iacta
1176 1317 1430 1421 sueratii'iilina

177 1455 283 1540 pridie
299 1476 405 1520 nonas
421 1455 546 1537 Martij.
591 1455 638 1518 Et
653 1455 731 1537 quia
748 1454 844 1518 multi
860 1453 1021 1517 dixerunt
1035 1450 1127 1535 quod
1143 1449 1284 1514 ecclesia

178 1559 315 1625 deberet
335 1561 563 1636 reconsecrari,
582 1560 636 1642 alij
659 1569 772 1624 autem
794 1559 952 1623 dicebant
973 1578 1051 1633 non,
1071 1555 1129 1619 sed
1150 1565 1282 1619 tantum

179 1666 391 1742 reconciliari,
429 1667 470 1730 ad
513 1666 714 1748 peticionem
757 1664 931 1728 cuiusdam
973 1662 1123 1726 canonici
1166 1661 1284 1725 annuit

178 1770 334 1834 dominus
350 1769 526 1854 episcopus
548 1770 713 1853 ElyensiS,
728 1769 856 1833 scilicet
874 1768 1031 1832 dominus
1050 1767 1222 1851 Jobannes
1241 1766 1284 1830 de

181 1874 357 1957 Kyrkebi²,
385 1875 496 1938 uenire
522 1875 564 1938 ad
593 1883 719 1937 certum
747 1874 846 1938 diem.
892 1872 970 1956 Quo
997 1873 1161 1947 ueniente,
1186 1881 1221 1935 et
1247 1882 1284 1935 ut

181 1981 281 2044 moris
297 1989 348 2044 est
364 1979 452 2044 sacta
467 1980 622 2043 oracione
640 1999 753 2044 coram
776 1999 899 2062 magno
920 1979 1033 2053 altare,
1048 1978 1138 2042 dixit
1154 1977 1284 2059 Symon

181 2084 274 2147 Prior
285 2085 458 2168 episcopo:
476 2083 616 2148 Domine
628 2103 691 2146 non
701 2080 1285 2165 habetislcicaliquidadsan'endum.

183 2190 228 2253 Et
250 2189 446 2272 episcopus:
476 2188 603 2253 Sinon
630 2193 744 2252 restat³
769 2188 822 2252 tic
841 2187 974 2270 aliquid
991 2187 1208 2270 sact'cndum‘,
1229 2208 1286 2269 ego

181 2294 332 2358 recedam.
378 2293 424 2357 Et
442 2294 577 2357 eleuans
600 2293 714 2356 oculos
736 2293 779 2356 ad
804 2293 915 2357 locum
938 2292 1175 2367 combustum⁵,
1197 2291 1286 2368 Ecce,

182 2400 298 2483 inquit,
328 2398 466 2481 castigio
495 2407 656 2482 apparent.
702 2396 781 2480 Quo
811 2397 902 2461 dicto
932 2397 1066 2461 recessit
1091 2395 1286 2461 festinanter

182 2524 258 2568 cum
282 2503 524 2586 indignatione,
550 2503 595 2566 ita
623 2501 713 2586 quod
738 2502 933 2566 ascenderet
956 2521 1078 2584 equum
1103 2511 1284 2583 antequam

184 2609 276 2672 Prior
299 2607 351 2672 uel
377 2608 496 2690 aliquis
520 2609 563 2672 de
586 2618 754 2672 conuentu
780 2618 894 2691 posset
917 2608 959 2670 ad
987 2628 1064 2671 eum
1089 2607 1285 2690 pertingere.

184 2715 229 2777 Et
244 2714 291 2776 sic
307 2733 383 2776 cum
401 2711 508 2776 lurore
524 2712 680 2776 recedens
699 2713 1006 2776 excommunicauit
1025 2731 1142 2776 omnes
1158 2711 1284 2776 inhabi-

182 2828 302 2895 tantes,
317 2828 520 2902 quapropter
534 2818 629 2881 dolor
644 2819 794 2882 omnium
817 2828 995 2882 renouatus
1015 2827 1076 2883 est.
1120 2819 1285 2903 Verump-

183 2933 297 2988 tamen
308 2924 341 2986 in
352 2923 496 2987 crastino
507 2923 673 2988 relaxauit
682 2923 897 2988 sentenciam.
934 2923 1002 2988 Sed
1015 2925 1086 2987 eius
1096 2925 1287 3008 indignacio

183 3048 299 3092 uersus
325 3026 470 3090 Priorem
495 3036 530 3090 et
554 3036 756 3091 conuentum
785 3049 844 3110 per
870 3027 993 3092 multos
1019 3028 1091 3093 dies
1117 3030 1285 3112 quiescere

183 3134 325 3211 resciuit,
338 3153 469 3216 semper
481 3153 539 3216 per
549 3132 665 3216 plagas
677 3133 730 3196 dei
744 3134 864 3210 iurene,
876 3134 1087 3212 maledicens,
1098 3136 1287 3220 obiurgans,
1300 3149 1317 3199 f.
1330 3151 1362 3212 85
1457 3208 1460 3217 ¹

183 3250 218 3303 et
248 3238 412 3302 deteriora
440 3238 657 3302 comminans.
719 3238 908 3304 Canonicos
940 3239 1046 3303 eciam
1081 3261 1193 3304 coram
1230 3241 1288 3304 illo

184 3343 447 3430 genuflectentes
485 3354 519 3407 et
554 3344 701 3426 graciam
739 3365 835 3408 suam
873 3343 1043 3409 humiliter
1079 3345 1288 3428 postulantes

184 3449 373 3532 obiurgauit
390 3447 693 3531 quocienscumque
716 3459 887 3526 uenerunt,
904 3470 965 3513 nec
979 3451 1085 3514 eciam
1101 3450 1212 3516 cibum
1234 3453 1288 3515 uel

185 3565 302 3640 potum
321 3555 368 3618 eis
389 3552 460 3617 dari
481 3553 638 3637 precepit.
685 3553 723 3617 ln
745 3554 892 3637 negociis
911 3555 1017 3618 eciam
1039 3575 1153 3619 eorum
1175 3575 1287 3621 coram

185 3659 366 3725 baronibus
384 3658 427 3721 de
449 3657 613 3722 scaccario
634 3656 794 3721 iaciendis
816 3655 959 3721 multum
981 3659 1221 3725 aduersabatur
1241 3661 1288 3724 eis

184 3765 263 3848 quia
286 3774 365 3827 tunc
388 3771 459 3826 erat
483 3759 613 3845 R[egis]
637 3761 870 3826 thesaurarius.

253 3869 385 3934 Interea
396 3868 543 3944 sacrista,
554 3865 610 3950 qui
623 3875 704 3931 tunc
715 3867 876 3950 temporis
888 3876 959 3931 erat
972 3868 1108 3932 nomine
1121 3869 1290 3934 Robertus

185 3977 228 4040 de
240 3975 483 4058 Hokingtone⁸‚
493 3971 634 4036 multum
645 3971 811 4048 anelabat,
822 3981 856 4036 et
866 3971 1003 4038 uiriliter
1012 3972 1290 4052 laborabat,circa

186 4081 433 4164 reparacionem
452 4077 599 4155 ecclesie,
614 4087 648 4142 et
663 4079 910 4142 consummauit
926 4078 993 4142 sere
1009 4079 1094 4143 infra
1109 4080 1290 4158 biennium,

186 4209 194 4241 ¹
212 4225 265 4268 sua,
279 4210 337 4258 MS.
395 4207 406 4239 '·'
419 4209 488 4274 John
499 4209 532 4258 de
543 4208 665 4272 Kirkeby‚
680 4225 709 4258 or
717 4208 785 4273 John
799 4208 888 4274 Kirby,
901 4225 953 4259 was
963 4211 1007 4275 bp.
1019 4211 1049 4261 ol
1057 4211 1107 4274 Ely
1121 4212 1287 4276 indo-troo.

185 4293 196 4324 ¹
213 4299 314 4354 restant,
330 4293 387 4342 MS.
518 4291 528 4322 ⁴
539 4291 661 4353 iacienda,
676 4293 732 4344 MS.
866 4291 877 4322 ⁸
893 4295 1050 4345 combustum
1062 4296 1105 4355 ait,
1118 4297 1175 4346 MS.

186 4375 197 4407 ⁸
214 4375 366 4436 Hovictone,
381 4373 439 4426 MS·
