3192 5067
339 368 386 436 42
642 348 769 422 Grani
793 350 838 447 by
863 350 966 423 Paz'n
989 350 1152 425 Peverel
1327 348 1446 449 [Boot

339 542 373 596 et
389 533 579 600 ludencium
602 557 674 601 mos
693 536 832 601 inoleuit
853 547 890 602 ut
911 538 945 600 in
967 538 1087 601 eodem
1103 537 1159 601 die
1174 536 1239 600 illic
1255 536 1447 602 conueniret

340 638 536 719 negociandi
552 642 664 723 gracia
680 640 777 705 turba
793 640 1015 704 uendencium
1031 650 1065 704 et
1081 642 1276 704 emencium.

176 737 298 831 gffflg·
407 740 446 803 ln
473 742 537 805 hoc
564 745 669 807 eciam
698 744 773 807 loco
799 744 937 826 quidam
969 744 1071 807 homo
1103 764 1224 826 magne
1251 744 1447 819 sanctitatis,

176 838 277 932 lgm
340 842 518 909 Godesone
534 848 677 923 nomine,
692 847 882 910 conuersari
901 856 1129 922 consueuerat,
1145 846 1325 910 solitariam
1343 848 1446 911 uitam

175 946 304 1032 iffi„
339 947 463 1012 ducens
490 962 524 1013 et
549 952 725 1034 paruulum
753 953 934 1015 oratorium
967 952 1113 1033 ligneum
1146 953 1178 1015 in
1207 952 1331 1015 honore
1358 950 1446 1015 beati

175 1040 299 1132 &⁸¹¹⁶
340 1051 476 1116 Andree
507 1055 664 1137 Apostoli
695 1066 923 1121 constructum
954 1057 1089 1133 habens,
1116 1058 1172 1141 qui
1200 1077 1316 1140 parum
1349 1066 1447 1120 antea

339 1156 516 1222 defunctus
537 1158 647 1223 locum
668 1162 739 1224 sine
760 1162 949 1226 habitatore
969 1171 1003 1225 et
1024 1162 1205 1227 oratorium
1222 1161 1293 1225 sine
1309 1163 1447 1226 custode

338 1261 518 1327 dimiserat.

444 1461 490 1508 10.
535 1444 588 1509 Dc
608 1446 772 1511 dilectione
794 1448 931 1532 Pagani
951 1447 1088 1512 Peuercl
1106 1468 1204 1531 quam
1227 1446 1343 1511 habuit

720 1551 769 1614 ad
787 1552 953 1616 canonicos
974 1574 1056 1616 siros.

175 1704 324 1797 §33¹¹ss
405 1702 578 1769 Predictus
604 1726 684 1769 uero
715 1706 871 1789 Paganus
897 1709 1004 1773 sancti
1035 1709 1179 1773 nominis
1209 1708 1264 1772 dei
1290 1708 1444 1773 timorem

173 1804 294 1896 {ssem‘d
338 1807 461 1887 pariter
485 1805 611 1871 habens
636 1818 669 1872 et
694 1829 852 1887 amorem,
877 1810 995 1875 uidens
1021 1812 1199 1875 canonicos
1227 1831 1304 1874 suos
1331 1810 1363 1874 in
1391 1812 1444 1875 dei

174 1904 280 1949 ΟΜ·
338 1909 491 1973 laudibus
521 1912 576 1975 die
605 1923 774 1995 noctuque
804 1914 1028 1996 persistentes,
1058 1914 1200 1979 deuotos
1231 1926 1264 1978 et
1294 1914 1445 1989 humiles

261 2018 279 2068 s·
294 2035 323 2084 13
338 2016 507 2079 modestos
537 2026 571 2080 et
602 2018 769 2101 pacificos,
798 2018 925 2082 honore
955 2040 991 2083 se
1025 2019 1167 2083 inuicem
1205 2021 1446 2101 preuenientes,

338 2118 439 2182 Priori
463 2142 523 2184 suo
547 2119 698 2186 Galirido
721 2132 894 2206 tamquam
918 2123 983 2187 deo
1007 2124 1039 2186 in
1063 2123 1219 2188 omnibus
1242 2123 1444 2199 obedientes,

335 2224 377 2286 ad
401 2244 516 2288 eorum
537 2224 740 2290 ditacionem
762 2229 917 2291 ardenter
935 2227 1123 2305 anhelabat,
1138 2236 1172 2292 et
1196 2238 1323 2292 cartam
1347 2248 1442 2291 suam

335 2328 444 2410 sigillo
459 2350 520 2393 suo
535 2332 712 2413 signatam,
728 2333 937 2413 presentibus
958 2332 1072 2396 multis
1088 2332 1230 2398 testibus
1247 2334 1328 2417 ipsis
1344 2352 1443 2396 cano·

336 2436 418 2498 nicis
434 2434 632 2517 porrigebat.
678 2434 780 2500 Cuius
797 2446 893 2500 tenor
908 2435 985 2501 talis
1000 2446 1058 2501 est.

462 2658 507 2704 11.
555 2638 708 2719 Qualiter
727 2643 889 2727 Paganus
910 2644 1038 2708 dotauit
1058 2644 1224 2709 canonicos
1243 2666 1325 2709 suos.

173 2816 241 2857 now
260 2816 321 2857 narn
389 2800 521 2869 Paganus
542 2801 658 2856 Peuerel
676 2802 808 2858 omnibus
827 2804 989 2859 hominibus
1008 2814 1034 2860 et
1054 2804 1154 2860 amicis
1176 2804 1279 2861 francis
1301 2814 1329 2859 et
1351 2806 1442 2875 anglis

173 2865 308 2958 ξξζξξξέω
334 2895 393 2941 tam
412 2886 589 2957 presentibus
607 2906 694 2959 quam
712 2890 812 2945 futuris
831 2892 958 2948 salutem.

171 2967 321 3059 &sitin-me
388 2973 491 3030 Sciatis
513 2993 558 3030 me
580 2976 693 3032 dedisse
714 2987 742 3031 et
763 2979 938 3034 concessisse
956 2989 985 3035 et
1003 2979 1057 3035 hac
1078 2997 1143 3036 mea
1163 2991 1242 3035 carta
1259 2980 1442 3036 confirmasse

171 3067 274 3108 enrow·
335 3064 488 3119 Canonicis
500 3064 571 3119 meis
584 3065 619 3120 de
633 3065 816 3135 cantebrigia
832 3084 883 3137 pro
895 3084 992 3123 amore
1006 3069 1093 3123 delet
1106 3085 1157 3139 pro
1169 3070 1259 3123 salute
1272 3068 1367 3123 anime
1379 3084 1442 3123 mee

171 3122 321 3219 mid*
335 3168 434 3208 omnes
456 3152 590 3208 ecclesias
612 3163 639 3207 et
662 3170 760 3208 omnes
782 3153 908 3209 decimas
930 3155 959 3209 in
980 3156 1206 3224 Cantebrigesire
1226 3172 1297 3227 quas
1319 3156 1441 3224 Pycotus

170 3219 275 3319 fflfd
289 3219 322 3270 ΒΥ
335 3238 492 3294 vicecomes
508 3239 617 3295 eisdem
635 3240 787 3295 Canonicis
805 3241 882 3297 dedit
900 3244 1041 3299 concessit
1054 3253 1082 3299 et
1094 3260 1145 3299 sua
1158 3254 1236 3297 carta
1249 3242 1441 3298 confirmauit:

334 3326 440 3383 scilicet
464 3329 613 3383 ecclesiam
638 3327 729 3383 sancti
755 3329 850 3398 Egidij
876 3330 913 3386 de
939 3331 1120 3402 Cantebrigia
1144 3332 1193 3387 ubi
1217 3332 1319 3386 domus
1344 3348 1440 3386 eorum

333 3415 452 3469 lundata
469 3426 521 3484 est,
542 3417 701 3471 Ecclesiam
720 3418 755 3471 de
779 3418 919 3474 Mordone
941 3435 1006 3473 cum
1029 3420 1146 3490 Capella
1168 3420 1203 3473 de
1226 3420 1363 3488 Redreya,
1386 3419 1440 3474 Ec·

333 3503 448 3559 elesiam
465 3505 501 3559 de
517 3505 688 3574 Thadelaus,
703 3506 862 3560 Ecclesiam
880 3508 916 3561 de
934 3508 1048 3562 Brunne
1067 3524 1130 3562 cum
1149 3508 1265 3577 Capella
1282 3508 1395 3563 Castelli
1412 3517 1441 3562 et

333 3609 397 3647 cum
418 3594 533 3663 Capella
552 3593 588 3647 de
608 3593 769 3660 Caldecote,
784 3594 942 3649 Ecclesiam
959 3595 996 3649 de
1016 3595 1213 3659 Combertone,
1229 3596 1388 3650 Ecclesiam
1404 3595 1440 3649 de

335 3681 509 3750 Maddingle,
530 3682 690 3736 Ecclesiam
710 3683 746 3736 de
769 3684 916 3750 Ramtone,
937 3682 1083 3738 Ecclesias
1105 3684 1141 3737 de
1164 3683 1333 3738 Harlestone
1355 3683 1440 3737 etde

335 3768 496 3834 Hammone,
508 3770 656 3824 habendas
673 3780 701 3825 et
718 3771 856 3825 tenendas
873 3771 960 3827 libere
977 3781 1005 3826 et
1018 3772 1111 3843 quiete
1125 3772 1278 3827 honorilice
1291 3783 1319 3825 et
1332 3771 1440 3839 integre

334 3857 362 3910 in
381 3856 461 3911 terris
480 3855 510 3910 in
530 3858 618 3927 pratis
637 3868 665 3912 et
684 3858 807 3928 pasturis
824 3869 932 3913 etcum
950 3858 1067 3914 decimis
1084 3861 1311 3915 molendinorum
1329 3871 1439 3914 etcum

334 3943 465 3998 omnibus
475 3944 537 4013 alijs
547 3943 726 4014 pertinenciis
739 3944 767 3999 in
780 3944 855 3999 uillis
866 3955 893 4000 et
906 3956 984 4001 extra
992 3946 1074 4001 uillas
1086 3958 1114 4003 et
1128 3948 1157 4002 in
1169 3948 1285 4001 liberam
1299 3956 1327 4002 et
1339 3962 1439 4017 puram

333 4041 361 4086 et
373 4041 537 4102 perpetuam
549 4033 743 4089 elemosinam.

387 4120 521 4176 Concessi
541 4120 669 4177 similiter
686 4121 828 4177 iamdictis
848 4120 1001 4177 Canonicis
1018 4123 1089 4178 duas
1106 4132 1200 4193 partes
1213 4122 1386 4177 decimarum
1404 4122 1440 4175 de

332 4209 465 4264 omnibus
490 4208 623 4279 dominijs
645 4211 772 4266 omnium
791 4210 914 4265 militum
936 4228 1064 4265 meorum
1085 4210 1112 4265 in
1133 4210 1367 4280 Cantebrigesire‚
1387 4211 1438 4264 sci-

332 4299 396 4353 licet
407 4298 443 4353 de
454 4298 631 4366 landbeche,
640 4298 676 4353 de
683 4300 880 4367 Waterbeche,
890 4300 927 4354 de
937 4300 1043 4368 Queye,
1052 4299 1088 4355 de
1097 4300 1198 4366 Stowe,
1206 4298 1243 4353 de
1255 4299 1439 4366 Middeltone,

332 4386 368 4441 de
383 4388 538 4457 Impetone,
550 4387 586 4441 de
605 4388 743 4457 Hystona
756 4388 793 4443 de
811 4389 956 4457 Grettone,
969 4386 1005 4440 de
1024 4386 1176 4455 Hokitone,
1190 4387 1226 4441 de
1240 4388 1389 4455 Ramtone,
1402 4388 1439 4442 de
