3192 5067
348 322 399 389 ‘26
710 318 749 393 T
742 318 787 393 te
813 318 961 394 Fourth
988 316 1093 393 Book

365 504 391 560 6.
429 506 511 561 Bona
540 505 708 577 temporalia
738 506 843 562 Prioris
873 506 909 563 de
940 506 1112 568 Berneiuelle
1139 506 1168 562 iii
1197 505 1321 577 Dyocesi
1350 504 1457 561 Eliensi

287 639 334 704 fil
365 660 390 715 7.
427 577 1034 731 Coofflciidudldvctirdlcmiliitmlofflgdunense.

365 719 390 773 a
428 720 817 775 Procuiacioadconcilium.
1037 758 1040 765 »

364 803 390 857 o
428 789 604 846 Cenificacio
616 790 828 861 procuraciouis
840 789 869 846 in
882 789 1010 849 concilio.
1052 828 1054 835 .

351 874 389 914 io
429 861 596 917 Procuracio
608 861 637 916 iri
650 862 728 919 curia
740 864 880 917 Romana

351 946 390 987 ll.
429 931 646 989 Procuracioad
659 949 761 989 causas
772 933 926 1003 generales

350 1016 390 1057 12.
429 1002 596 1059 Procuracio
608 1004 646 1059 ad
658 1004 884 1061 contrahendum
897 1020 962 1059 cuni
977 1012 1140 1059 mercatore.

306 1078 322 1116 ,ἓ
350 1088 390 1141 13.
428 1074 598 1129 Procuracio
609 1076 663 1130 siib
674 1074 731 1131 alia
742 1074 834 1131 fornia
845 1074 883 1130 ad
896 1075 1120 1131 contrahendum
1133 1090 1199 1129 cum
1211 1084 1375 1130 mercatore.

349 1159 389 1212 ¹4
427 1145 596 1229 Procuracio
608 1162 705 1229 coram
715 1146 916 1217 wyntoniensi
928 1155 957 1200 et
972 1146 1160 1203 Lincoliiiensl
1175 1144 1335 1217 Episcopis.

349 1229 389 1342 ig.
426 1216 662 1343 grno'cciiurldctirffdss
673 1286 730 1344 alia
740 1287 840 1345 forma.

351 1372 390 1425 17.
428 1358 598 1413 Procuracio
611 1357 817 1414 Elemosiuarii.
1386 1412 1389 1419 ,

350 1430 389 1483 ι8.
428 1428 533 1483 Foima
555 1430 773 1500 composicionis
796 1430 872 1486 lacte
896 1429 969 1485 inter
995 1428 1156 1488 Canonicos
1177 1430 1213 1485 de
1237 1428 1407 1491 Bemeuelle
1428 1438 1457 1484 et

487 1498 588 1557 francs
607 1500 643 1555 de
661 1500 800 1557 Carnielo.

337 1585 390 1639 no
428 1572 475 1625 De
485 1570 676 1627 mutabilitate
687 1572 804 1627 fratrum
817 1571 854 1626 de
867 1564 1006 1627 Carmelo.

347 1656 389 1697 zoi
427 1640 844 1714 CanonicideSimpliugham.

347 1727 390 1768 τι.
429 1714 474 1767 De
490 1711 581 1767 forma
596 1712 815 1795 composicionis
830 1713 905 1769 lacte
924 1712 996 1768 inter
1013 1711 1175 1769 Canonicos
1191 1712 1228 1769 de
1246 1712 1417 1769 Bernewelle
1429 1722 1457 1769 et

489 1782 590 1839 fratres
607 1784 715 1839 ordinis
733 1783 830 1840 Sancti
849 1783 1008 1854 Augustini.
1156 1828 1168 1841 ..

347 1868 390 1910 22.
428 1856 475 1911 De
490 1854 581 1910 sonna
597 1854 815 1926 composicionis
831 1854 905 1910 lacte
922 1856 995 1910 inter
1011 1854 1173 1911 Canonicos
1190 1853 1226 1910 de
1240 1856 1411 1913 Berneuelle
1429 1866 1457 1913 ct

487 1924 672 1981 Abbatissam
691 1935 719 1981 et
737 1942 849 1981 sorores
866 1926 902 1981 de
921 1925 1117 1983 Waierbeche.

347 2011 390 2067 ap
428 1999 475 2052 De
486 1996 619 2051 nauibus
630 1996 714 2052 beate
727 1995 869 2053 Mariead
882 2007 1014 2053 castrum.

347 2082 389 2137 24
428 2070 474 2123 De
485 2066 620 2123 iratribus
632 2066 669 2124 de
680 2083 773 2123 sacco.
1125 2118 1129 2124 .

345 2152 389 2266 a·
427 2137 1017 2265 pm...
1030 2139 1066 2194 <¹⁶
1326 2159 1328 2165 ¹

346 2295 388 2350 η.
428 2283 473 2335 De
485 2279 685 2349 indignacione
695 2279 823 2351 episcopi
835 2290 863 2334 et
876 2279 1107 2336 reconciliacione
1119 2280 1246 2336 ecclesie.

345 2352 389 2407 28.
418 2354 473 2407 :De
484 2351 576 2421 prima
587 2350 771 2406 dedicacione
783 2350 903 2407 ecclesie
915 2351 952 2407 de
965 2352 1176 2407 Bemewelleet
1188 2352 1360 2423 capellarum
1373 2351 1440 2411 eius.

346 2438 400 2493 η’
427 2424 473 2478 De
486 2422 626 2491 Magistro
639 2422 765 2478 Roberto
776 2421 814 2476 de
827 2421 976 2476 Pulburne.

347 2511 389 2565 30.
427 2496 472 2549 De
484 2492 684 2575 redempcione
695 2492 928 2563 Justiciariorum‚
940 2501 968 2547 et
981 2492 1093 2548 Thome
1106 2494 1255 2563 Weyland.

346 2581 388 2635 31.
427 2567 473 2620 De
484 2564 648 2635 expulsione
663 2565 821 2631 ludeorum,
835 2573 862 2618 et
878 2563 1006 2629 Decima,
1019 2574 1047 2618 et
1061 2564 1287 2633 Quintadecima

346 2651 389 2706 32.
427 2639 473 2691 De
485 2646 577 2692 morte
589 2635 724 2690 Elianore
738 2635 854 2703 Regina.

347 2722 389 2777 33.
428 2708 473 2762 De
486 2706 607 2777 pauagio
620 2707 657 2761 de
670 2704 860 2774 cantebrigia.

346 2793 388 2847 34.
427 2781 473 2833 De
484 2778 702 2832 consecracione
714 2776 856 2831 crismatis
867 2786 895 2831 et
908 2775 970 2831 olei.

346 2863 388 2920 35.
427 2851 473 2903 De
484 2848 561 2903 mille
573 2847 651 2903 libris
663 2848 692 2903 in
705 2848 836 2918 deposito
848 2857 875 2902 et
888 2848 952 2901 Ade
963 2846 1000 2902 de
1015 2846 1140 2901 Ristone.

346 2923 388 2989 3&
428 2922 473 2973 De
485 2936 597 2973 recessu
611 2917 778 2988 Cancellarij
791 2917 900 2973 domini
915 2918 1008 2987 Regis.

347 3006 389 3060 37.
428 2993 473 3045 De
487 2989 610 3045 Ricardo
625 2990 771 3045 Laurencii
784 3000 812 3043 et
827 2990 938 3057 Rogero
951 2990 987 3043 de
1000 2988 1216 3057 Wytheresl'eld.

348 3064 389 3133 38.
428 3061 567 3117 Breuedc
581 3060 779 3130 lnquisicione.

347 3150 389 3203 3o
428 3130 730 3187 Breuedelinet'aeto.

345 3222 389 3273 aa
428 3202 599 3259 lnrotulacio
610 3202 649 3257 ad
661 3201 852 3257 scaccarium·
1138 3248 1140 3254 ,
1394 3242 1398 3255 ,
1435 3254 1440 3261 ,

345 3291 389 3343 4ι.
428 3275 550 3329 Materia
561 3272 702 3329 discordie
714 3274 787 3327 inter
801 3273 909 3341 Regem
921 3271 1065 3341 Anglieet
1079 3274 1105 3327 R
1141 3290 1187 3329 eiii
1205 3274 1331 3330 Francia

345 3361 388 3413 42.
428 3347 474 3400 De
486 3344 616 3399 incendio
628 3344 748 3399 ecclesie
761 3344 866 3398 Sancte
881 3343 972 3398 Marie
984 3343 1019 3398 de
1033 3344 1124 3400 Caute
1145 3345 1222 3413 rigia

346 3432 389 3486 ⁴3·
427 3415 572 3471 Vascouia
581 3414 701 3486 perdita
1044 3464 1052 3475 .

346 3502 390 3556 44
429 3487 519 3542 Breue
533 3486 620 3557 Regis
633 3496 734 3557 pateus
746 3485 783 3540 de
795 3484 999 3566 acquietancia

347 3573 391 3631 45.
421 3558 536 3613 littera
547 3561 705 3613 conuentus
716 3572 854 3611 concessa
866 3555 1031 3611 vicecomiti.
1319 3606 1322 3613 ,

347 3634 391 3699 46.
428 3631 524 3685 Causa
535 3644 623 3701 quare
637 3630 698 3683 Rex
709 3644 741 3682 se
760 3626 826 3681 siuit
839 3625 991 3696 prioratum
1004 3627 1040 3682 de
1054 3627 1232 3683 Bemewelle.

349 3717 391 3770 47.
428 3699 632 3773 Aequietancia
644 3698 720 3754 lacta
751 3698 848 3752 omino
861 3696 1006 3779 Episcopo
1018 3699 1072 3754 sub
1085 3700 1176 3769 sigillo
1189 3700 1319 3773 Capituli.

265 3783 337 3848 tyb
349 3774 392 3842 48.
430 3774 476 3827 De
495 3772 648 3827 medietate
669 3770 808 3825 bonorum
829 3768 1026 3851 temporalium
1037 3780 1073 3823 et
1093 3770 1278 3841 spiritualium
1298 3784 1327 3828 et
1340 3773 1457 3829 ‘decima

489 3842 633 3913 laycorum
652 3852 681 3896 et
699 3851 779 3896 sexto
796 3840 915 3895 denario
933 3839 1050 3895 urbium.

348 3930 391 3984 49
431 3917 476 3969 De
493 3915 715 3987 Archiepiscopo
734 3910 932 3966 Cantuarieusi
950 3920 979 3965 et
997 3911 1085 3979 gestis
1104 3912 1132 3966 in
1152 3912 1263 3969 Wallia.

351 4000 390 4058 5o
430 3987 475 4041 De
488 3985 611 4041 aduentu
624 3983 744 4039 duorum
756 3980 911 4051 legatorum
924 3980 953 4035 in
965 3981 1077 4051 Anglia.

338 4067 398 4128 ·5i.'
425 4056 631 4129 Aequietaucia
642 4052 891 4124 de·procuracione
904 4052 1068 4121 legatorum.
1081 4076 1083 4084 ,
1121 4060 1123 4073 '

349 4144 389 4203 5²·
429 4131 474 4186 De
486 4126 632 4209 creacio‘ne¹
645 4125 731 4197 Regis
745 4124 844 4179 Scocie
857 4131 885 4179 et
898 4124 959 4178 eius
972 4123 1187 4195 ingratitudine.
