3192 5067
352 384 421 453 166
447 380 558 456 Luke
571 380 605 455 le
617 380 818 457 Marshall
831 384 913 459 and
925 382 1061 484 Symon
1079 385 1124 460 de
1140 384 1305 460 Mordon
1330 380 1451 485 [eoox

343 573 431 631 tone.
477 566 578 650 Quod
603 576 640 631 ut
662 566 792 631 audiuit
815 567 925 632 dictus
947 568 1106 633 dominus
1128 568 1285 633 Warinus
1308 567 1450 634 multum

343 669 465 747 timuit,
477 680 512 734 et
527 671 561 734 in
578 672 723 735 crastino
738 672 838 737 ualde
855 694 954 738 mane
970 674 1062 739 uenit
1074 674 1117 738 ad
1129 675 1253 740 curiam
1267 684 1451 757 expectans

344 774 527 839 aduentum
557 776 685 839 Prioris.
731 774 810 859 Quo
837 778 992 842 ueniente
1019 779 1158 843 accessit
1184 777 1330 843 adeum
1353 776 1451 842 ualde

344 878 514 944 humiliter
532 880 642 945 dictus
663 881 820 945 dominus
836 881 1001 959 Warinus,
1017 892 1050 947 et
1071 882 1195 966 optulit
1210 882 1240 947 ei
1256 882 1450 964 homagium

343 1004 451 1048 suum.
508 986 554 1049 Et
587 983 676 1049 idem
708 984 801 1050 Prior
831 986 959 1069 Symon
992 988 1116 1071 recepit
1146 987 1341 1071 homagium
1372 987 1451 1061 eius,

344 1088 499 1153 videlicet
514 1090 548 1153 in
564 1098 674 1154 castro
688 1089 757 1154 iere
771 1091 835 1155 sub
849 1092 1008 1173 gradibus
1024 1091 1108 1169 aule,
1121 1090 1333 1176 presentibus
1345 1092 1450 1155 tribus

344 1195 521 1270 canonicis,
536 1194 691 1259 videlicet
711 1195 764 1276 .J.
786 1196 830 1259 de
851 1194 978 1261 Sancto
1000 1194 1213 1273 Eadmuudo,
1235 1196 1385 1260 Roberto
1407 1194 1450 1259 de

345 1297 527 1377 Swafham,
547 1308 581 1364 et
605 1299 756 1363 Roberto
777 1301 821 1364 de
847 1298 1028 1376 Hokitone,
1049 1300 1129 1363 item
1153 1298 1291 1363 domino
1315 1298 1450 1383 Rogero

343 1403 386 1467 de
409 1401 612 1481 Walesham,
634 1403 789 1486 Johanne
818 1404 883 1469 But
908 1414 989 1469 tunc
1017 1404 1145 1468 Maiore
1173 1402 1450 1487 Cantabrigiensi‚

343 1506 496 1589 Johanne
521 1507 565 1571 de
591 1505 781 1583 Caldecote,
808 1508 963 1590 Johanne
989 1508 1032 1573 de
1055 1506 1205 1585 Camera‚
1230 1506 1380 1572 Roberto
1405 1509 1449 1572 de

344 1609 519 1687 Saustone,
540 1620 575 1675 et
594 1610 709 1675 multis
729 1609 813 1692 alijs.
860 1611 952 1675 Fecit
972 1610 1078 1675 eciam
1100 1630 1217 1694 pacem
1238 1630 1315 1676 cum
1337 1610 1450 1674 Priore

343 1714 386 1778 de
424 1713 598 1797 arreragijs
632 1734 694 1799 pro
733 1714 957 1797 quadraginta
998 1713 1113 1779 solidis
1154 1734 1238 1797 quos
1280 1715 1449 1799 predictus

341 1818 512 1903 Johannes
536 1818 603 1883 But
626 1820 825 1902 manucepit.

485 2008 537 2071 93.
582 1991 635 2056 De
655 1992 764 2075 quieta
784 1989 979 2055 clamacione
999 1991 1085 2055 Luce
1107 1990 1306 2057 Marcscalli.

178 2145 288 2190 ornus·
408 2119 553 2203 Quidam
570 2120 672 2185 homo
686 2123 730 2186 de
742 2121 947 2204 Amigtone¹
963 2120 1071 2184 dictus
1085 2118 1195 2185 Lucas
1211 2120 1242 2185 ie
1259 2120 1447 2185 Mareschal

176 2197 309 2299 ἷῗῖηιιιιι,
342 2225 489 2307 portauit
518 2224 620 2289 breue
650 2224 754 2308 Regis
783 2244 884 2307 super
911 2224 1057 2287 Priorem
1084 2221 1128 2286 de
1153 2233 1226 2288 toto
1253 2233 1447 2288 tenemento

176 2298 315 2391 X'dhi‘w..
341 2328 432 2410 quod
455 2325 516 2391 suit
537 2325 672 2393 Radulfi
692 2329 736 2393 de
749 2327 855 2411 Verly
876 2327 908 2390 in
932 2325 1074 2390 Brunne.
1120 2326 1165 2389 Et
1187 2326 1280 2389 Prior
1300 2325 1393 2391 dedit
1416 2326 1447 2390 ei

176 2399 266 2440 uttied
276 2400 292 2441 b

175 2412 321 2541 :tamis
341 2433 427 2495 duos
451 2431 577 2496 solidos
603 2442 637 2497 et
664 2433 788 2516 recepit
815 2434 859 2497 ab
885 2432 1004 2496 eodem
1032 2432 1180 2515 quietam
1206 2430 1446 2495 clamacionem

175 2549 300 2603 uuunn.
341 2554 460 2617 prose
482 2544 516 2600 et
538 2535 715 2601 heredibus
738 2536 807 2600 suis
830 2535 1073 2619 inperpetuum.

439 2724 491 2787 94
535 2705 588 2771 De
608 2706 701 2772 mvi,
722 2705 869 2789 denan'js
891 2704 1039 2770 redditus
1059 2726 1138 2788 quos
1161 2704 1284 2787 Symon
1307 2704 1347 2768 de

620 2811 781 2875 Mordone
803 2808 972 2895 [Morden]
997 2810 1184 2893 recognovit.

174 2955 318 3050 &lm
405 2949 521 3012 Homo
541 2947 679 3032 quidam
700 2947 743 3012 de
766 2949 902 3012 Brunne
918 2957 1056 3012 uocatus
1073 2945 1203 3028 Symon
1220 2946 1262 3009 de
1279 2944 1445 3011 Mordone

171 3057 300 3150 ffi‘gm
337 3052 484 3117 debebat
501 3052 603 3117 Priori
620 3052 704 3133 .xvj.
720 3052 875 3116 denarios
890 3050 992 3115 annui
1009 3048 1158 3114 redditus
1174 3069 1235 3133 pro
1250 3058 1444 3114 tenemento

171 3156 198 3198 ¹¹⁸
209 3157 303 3200 eom.
337 3157 426 3239 quod
443 3158 486 3221 de
507 3176 547 3220 eo
562 3157 671 3221 tenuit
686 3158 719 3220 in
737 3155 880 3233 Brunne‚
896 3155 1051 3221 videlicet
1065 3174 1133 3218 vno
1154 3155 1327 3237 mesuagio
1341 3163 1376 3218 et
1391 3176 1443 3219 .x.

337 3258 421 3322 acris
446 3267 541 3325 terre
586 3259 690 3324 Terra
717 3279 797 3324 uero
824 3258 880 3322 illa
907 3258 940 3322 in
968 3268 1099 3322 tantum
1124 3267 1195 3321 erat
1218 3278 1278 3341 per
1299 3257 1443 3321 eundem

336 3364 523 3447 Symonem
544 3372 578 3427 et
599 3372 729 3447 patrem
749 3364 822 3427 eius
843 3361 971 3427 Lucam
988 3361 1135 3426 alienata
1150 3370 1183 3425 et
1199 3361 1336 3425 uendita
1351 3359 1442 3444 quod

334 3467 448 3532 balliui
477 3468 597 3533 Prioris
624 3468 819 3531 nesciebant
846 3466 902 3529 ubi
930 3466 1038 3549 ipsum
1066 3465 1265 3547 distringere
1296 3473 1443 3548 possent.

336 3571 488 3655 Rogatus
509 3591 588 3635 uero
608 3571 698 3634 idem
720 3570 850 3652 Symon
873 3569 1062 3653 frequenter
1082 3570 1172 3652 quod
1189 3570 1316 3632 dictum
1333 3568 1441 3633 reddi·

333 3685 406 3740 tum
430 3676 573 3740 solueret
594 3676 766 3759 respondit
787 3697 824 3740 se
844 3674 972 3739 nullum
993 3683 1223 3738 tenementum
1246 3681 1361 3737 tenere
1380 3692 1442 3756 pro

333 3800 400 3863 quo
427 3790 487 3845 etc.
534 3780 573 3843 In
602 3780 720 3843 itinere
741 3798 822 3843 uero
845 3777 1103 3861 justiciariorum
1130 3776 1253 3840 timens
1280 3776 1359 3858 pelli
1382 3796 1442 3840 sue

332 3895 452 3967 sponte
472 3885 565 3949 uenit
586 3884 628 3947 ad
652 3883 808 3959 Priorem,
825 3903 891 3946 non
912 3882 1135 3945 summonitus
1151 3900 1212 3944 nec
1228 3880 1441 3957 attachiatus,

167 3989 319 4086 2232}
331 3999 366 4052 et
386 3988 580 4071 recognouit
601 3988 779 4062 redditum,
793 3997 828 4050 et
849 3985 961 4069 posuit
984 3985 1129 4047 Priorem
1146 3984 1178 4047 in
1196 3984 1329 4067 seysina
1345 3982 1439 4065 ,xvj.

166 4090 210 4133 ‘¹²‘
220 4092 296 4135 ⁹⁶⁰¹·
330 4092 553 4170 denariorum,
567 4100 602 4155 et
617 4091 695 4155 iecit
709 4094 741 4155 ei
757 4090 962 4155 fidelitatem.
1002 4088 1046 4151 Et
1061 4089 1104 4152 de
1121 4108 1210 4151 nouo
1225 4108 1261 4151 se
1276 4086 1439 4170 obligauit

329 4219 389 4281 per
408 4210 535 4263 cartam
557 4218 653 4262 suam
674 4205 708 4260 et
724 4196 863 4260 heredes
879 4214 957 4259 suos
973 4195 1006 4257 iu
1022 4202 1221 4276 perpetuum
1237 4193 1281 4256 ad
1298 4190 1438 4256 solucio-

378 4351 387 4384 ¹
404 4351 461 4401 The
476 4366 551 4401 name
567 4349 598 4399 of
611 4348 660 4398 this
676 4348 757 4413 place,
770 4362 829 4397 now
841 4346 987 4410 Arrington,
1000 4346 1020 4395 is
1032 4344 1096 4409 spelt
1110 4344 1283 4409 Emingetoue
1295 4344 1320 4392 iu
1333 4342 1439 4394 Domes-

327 4434 377 4500 day
388 4436 438 4485 aud
450 4436 493 4485 the
505 4434 592 4485 Gnnd
607 4431 767 4499 Inquisitiou,
778 4430 809 4480 oi
816 4428 899 4479 whioh
911 4429 1052 4493 Aniigtoue
1064 4427 1111 4477 isa
1122 4426 1274 4490 corruption.
