3192 5067
309 335 360 403 40
682 307 849 383 Charter
874 307 921 405 of
940 306 1055 405 Pycot
1298 304 1420 405 [soors

143 516 163 567 t.
179 532 207 567 tt
357 515 384 583 5.
430 500 533 568 Carta
554 501 669 586 Pycoti
689 501 881 566 vicecomitis
903 522 1001 583 quam
1015 501 1098 583 fecit
1118 502 1280 566 conasticis
1299 501 1378 565 suis

147 642 281 734 misr
367 639 481 693 Picotus
501 639 662 694 vicecomes
683 637 815 693 omnibus
836 638 998 693 hominibus
1019 637 1077 691 suis
1099 647 1126 693 et
1147 637 1247 693 amicis
1269 636 1372 693 francis
1394 646 1421 691 et

148 741 270 802 coenon.
313 728 405 798 anglis
423 738 482 782 tam
500 728 678 798 presentibus
696 744 783 799 quam
802 727 903 782 suturis
921 728 1050 782 salutem.

148 791 288 884 {ffissm
367 816 471 871 Sciatis
495 830 541 869 me
565 814 684 869 consilio
708 815 817 869 domini
848 813 971 883 Remigij
1001 813 1207 869 Lincolniensis
1233 812 1369 884 Episcopi
1393 821 1422 867 et

149 892 272 994 33²3&
313 905 444 976 precibus
466 902 611 972 Hugoline
629 902 723 957 vxoris
740 919 803 957 mee
820 903 1000 957 constituisse
1017 902 1171 957 canonicos
1188 902 1329 971 regulares
1346 901 1422 971 apud

315 991 527 1061 Cantebrigiam
546 991 583 1045 ad
597 990 756 1047 Ecclesiam
772 990 871 1044 Sancti
885 988 980 1059 Egidij
995 990 1191 1059 inperpetuum
1204 990 1258 1044 deo
1271 988 1423 1043 seruituros

314 1091 460 1136 eteorum
484 1079 602 1135 consilio
627 1079 741 1135 dedisse
762 1078 871 1133 eisdem
894 1079 1039 1133 canonicis
1061 1088 1088 1132 et
1113 1077 1288 1133 concessisse
1312 1089 1340 1131 et
1369 1076 1423 1130 hac

314 1186 379 1224 mea
407 1178 487 1224 carta
512 1168 696 1223 confirmasse
720 1184 772 1237 pro
801 1184 898 1222 amore
926 1165 972 1221 dei
997 1178 1025 1221 et
1050 1183 1101 1237 pro
1126 1166 1217 1220 salute
1241 1164 1336 1219 anime
1361 1181 1424 1219 mee

315 1257 476 1312 Ecclesiam
498 1256 589 1311 sancti
609 1255 703 1324 Egidij
726 1255 763 1310 de
785 1253 977 1323 Cantebrigia,
995 1254 1042 1309 ubi
1064 1254 1166 1309 domus
1187 1271 1285 1309 eorum
1307 1254 1426 1307 lundata

315 1356 365 1411 est,
383 1344 543 1399 Ecclesiam
560 1344 597 1398 de
616 1344 757 1397 Mordone
773 1358 838 1397 cum
856 1343 974 1413 Capella
990 1344 1026 1397 de
1044 1342 1194 1410 Redderia,
1213 1342 1371 1397 Ecclesiam
1389 1341 1425 1395 de

315 1432 487 1500 Thadelaus,
502 1431 661 1487 Ecclesiam
678 1432 714 1486 de
728 1432 822 1485 Brune
835 1448 899 1485 curn
918 1432 1035 1502 Capella
1052 1432 1168 1486 Castelli
1186 1440 1215 1486 et
1231 1447 1296 1486 cum
1310 1429 1426 1499 Capella

315 1520 351 1574 de
371 1520 531 1587 Caldecote,
549 1520 709 1576 Ecclesiam
727 1521 764 1575 de
782 1520 982 1588 Cumbertone,
1001 1520 1160 1576 Ecclesiam
1179 1519 1214 1575 de
1234 1519 1426 1587 Maddingele‚

317 1608 476 1663 Ecclesiam
494 1610 531 1664 de
554 1610 722 1679 Ramptone,
743 1608 888 1663 Ecclesias
905 1608 942 1663 de
965 1610 1136 1663 Harlestone
1158 1619 1185 1663 et
1207 1608 1242 1663 de
1267 1608 1426 1672 Henxtone,

316 1696 463 1750 habendas
482 1707 510 1751 et
528 1698 666 1751 tenendas
684 1695 780 1764 libere,
797 1696 900 1768 quiete,
918 1696 1081 1764 honorifice,
1099 1696 1214 1765 integre,
1234 1698 1263 1750 in
1283 1694 1379 1767 pratis,
1397 1694 1425 1748 in

317 1782 406 1850 terris,
425 1793 452 1838 et
474 1784 604 1853 pasturis,
626 1793 741 1838 etcum
763 1783 882 1839 decimis
907 1784 1135 1839 molendinorum
1157 1796 1184 1837 et
1206 1800 1272 1838 cum
1296 1780 1428 1837 omnibus

318 1871 381 1943 alijs
404 1870 586 1941 pertinencijs
611 1870 640 1924 in
665 1870 740 1925 uillis
764 1881 793 1926 et
818 1882 898 1927 extra
921 1872 1003 1927 uillas
1028 1873 1057 1927 in
1082 1872 1201 1928 liberam
1223 1881 1251 1927 et
1275 1886 1374 1942 puram
1399 1877 1427 1923 et

404 1969 482 2014 tuam
501 1958 694 2015 elemosinam.

155 2047 305 2092 ormense
317 1976 507 2102 perlCeoncessi
527 2048 656 2103 similiter
676 2048 734 2103 iam
756 2047 840 2103 dictis
863 2049 1007 2103 canonicis
1025 2050 1144 2104 consilio
1163 2048 1282 2121 predicti
1304 2044 1425 2115 Remigij

155 2099 296 2193 munseo
321 2136 526 2190 lincolniensis
545 2136 678 2207 Episcopi
699 2137 770 2191 duas
787 2148 883 2208 partes
901 2138 1075 2193 decimarum
1091 2140 1127 2192 de
1144 2138 1276 2192 omnibus
1294 2133 1426 2191 dominiis

156 2201 265 2243 cmm
319 2223 446 2279 omnium
467 2222 588 2279 militum
608 2240 737 2278 meorum
757 2224 784 2278 in
809 2226 1056 2297 Cantebrigesira3
1078 2227 1184 2281 scilicet
1205 2226 1242 2280 de
1264 2226 1372 2293 Queya,
1391 2224 1427 2277 de

320 2312 421 2379 Stowe,
439 2313 475 2367 de
491 2313 689 2381 Waterbeche,
702 2314 739 2368 de
760 2314 944 2381 Middeltone,
962 2315 998 2369 de
1018 2316 1173 2385 lmpetone,
1191 2314 1227 2369 de
1248 2314 1377 2377 Histone,
1391 2310 1427 2365 de

321 2400 467 2469 Grettone,
479 2400 514 2455 de
529 2400 683 2469 Hokitone,
696 2402 733 2456 de
747 2404 897 2471 Ramtone,
910 2404 947 2458 de
964 2403 1107 2471 Cottham‚
1121 2406 1157 2458 de
1171 2400 1378 2467 Lollesworthe,
1392 2398 1427 2453 de

321 2490 514 2559 Trumpitone,
527 2490 564 2545 de
578 2490 783 2561 Haselingield,
797 2491 834 2546 de
853 2492 1018 2560 Harletone,
1030 2492 1065 2546 de
1080 2490 1269 2557 Eueresdone,
1283 2490 1319 2543 de
1336 2488 1429 2553 Toste,

320 2576 1427 2649 deCaldecote,deKingestonedeWynepolameCrawedene¹,deHalteleya,

321 2665 358 2719 de
371 2665 606 2734 Pampesworthe,
620 2666 656 2721 de
672 2664 855 2735 Aldewincle,
867 2666 1015 2721 habendas
1032 2677 1060 2722 et
1077 2667 1214 2721 tenendas
1231 2666 1318 2721 libere
1334 2664 1429 2736 quiete

322 2762 350 2806 et
368 2752 476 2821 integre
494 2752 523 2805 in
541 2763 707 2823 perpetuam
720 2763 749 2807 et
767 2770 867 2823 puram
883 2754 1076 2823 elemosinam,
1089 2755 1126 2807 ad
1144 2755 1245 2808 domus
1262 2769 1311 2807 suc
1328 2762 1356 2806 et
1373 2749 1429 2804 illic

322 2839 376 2893 deo
388 2838 577 2893 seruiencium
593 2849 759 2910 perpetuam
775 2840 1022 2895 sustentacionem
1061 2841 1111 2911 Hij
1125 2852 1189 2897 sunt
1205 2850 1299 2897 testes.
1340 2839 1428 2892 llum·

322 2927 410 2983 fridus
425 2928 604 2999 Capellanus,
616 2940 669 2984 etc.

561 3080 592 3143 6.
636 3078 689 3141 De
709 3089 811 3143 morte
831 3078 948 3161 Pycoti
967 3089 999 3144 et
1018 3080 1191 3163 Hugoline.

160 3220 312 3313 ffiwffy‘g}
389 3214 518 3281 Uerum
549 3225 627 3280 ante
657 3237 758 3299 quam
791 3217 847 3281 illa
877 3220 1000 3301 exigua
1037 3220 1256 3303 congregacio
1292 3217 1429 3282 alicuius

159 3321 311 3423 ξξξζξξώ,
324 3321 532 3385 certitudinis
546 3331 672 3386 statum
685 3322 957 3405 apprehenderet,
973 3324 1026 3388 uel
1043 3325 1147 3388 eciam
1164 3323 1430 3388 semiconuentu-

160 3422 385 3523 fflfflealis
412 3425 514 3504 fieret,
540 3436 617 3508 post
644 3447 769 3509 paucos
795 3447 902 3491 annos
932 3428 1033 3492 ambo
1064 3428 1174 3493 felices
1205 3428 1431 3511 migrauerunt

161 3522 311 3615 ῗξξξξζξω
325 3530 368 3592 ad
398 3527 582 3607 dominum,
612 3530 803 3593 adiurantes
833 3529 937 3593 filium
968 3552 1064 3595 suurn
1103 3532 1288 3597 Robertum
1322 3540 1358 3595 ut
1389 3530 1431 3592 de

325 3631 428 3696 domo
452 3632 509 3697 illa
532 3635 672 3698 ditanda
698 3646 731 3697 et
757 3634 951 3716 amplianda
978 3635 1086 3699 honus
1112 3635 1236 3699 subiret
1259 3646 1293 3699 et
1317 3654 1430 3698 curam

327 3746 463 3820 gereret.

621 3882 650 3948 7.
694 3868 747 3931 De
767 3868 905 3933 Roberto
918 3868 996 3951 filio
1020 3868 1138 3953 Pycoti

162 4007 290 4108 §offin-
395 4005 455 4071 Set
483 4005 537 4069 ille
569 4005 736 4070 Robertus
762 4018 939 4091 parentum
967 4008 1083 4072 relicto
1110 4008 1254 4091 uestigio
1281 4010 1313 4072 in
1340 4006 1433 4072 breui

164 4108 265 4210 352¹?ss
328 4119 502 4176 accusatus
539 4113 630 4193 quod
666 4113 699 4174 in
737 4114 824 4195 regis
857 4133 973 4176 necem
1009 4122 1043 4178 et
1079 4114 1170 4196 regni
1206 4112 1432 4196 prodiciffllem

166 4210 253 4261 ΜΨ
264 4209 285 4251 ¹·
328 4218 569 4301 conspirasset;
593 4225 628 4279 et
647 4237 747 4300 super
766 4218 830 4281 hoc
851 4239 871 4282 a
890 4218 1037 4301 glorioso
1058 4239 1135 4301 rege
1161 4219 1309 4282 Henrico
1326 4220 1435 4301 primo

578 4346 587 4378 ¹
604 4348 749 4410 Grandem,
763 4350 834 4411 Ms,
847 4350 892 4401 but
904 4366 945 4400 see
957 4350 1039 4415 Chap.
1055 4366 1092 4408 ιι,
1105 4366 1131 4415 p.
1144 4366 1184 4415 43.
