3192 5067
382 342 424 415 Α
456 341 613 416 Canon's
639 342 791 417 Letters
817 344 1034 441 Demessory
1220 371 1265 440 19

153 524 296 581 confrater
314 536 407 581 vester
427 525 455 580 in
479 522 651 581 monasterio
671 532 764 579 vestro
786 524 839 580 rite
856 524 1001 597 professus
1018 544 1053 582 ex
1071 526 1155 582 certis
1173 528 1267 584 causis

152 612 287 683 legitimis
303 632 322 669 a
337 622 431 670 vestro
443 613 616 669 monasterio
633 614 661 669 in
679 622 807 669 nostrum
824 613 980 686 prioratum
992 614 1162 686 paternitate
1174 626 1269 673 vestra

152 702 266 758 favente
290 702 319 758 in
343 702 487 774 utriusque
515 701 630 758 homnis
658 702 703 759 sui
728 702 921 757 saluaciouem
949 712 979 758 et
1005 720 1107 775 pacem
1136 704 1213 776 cupit
1238 720 1268 759 se

153 791 290 847 transferi.
329 792 432 847 Sciatis
450 789 462 862 [
675 788 687 863 ]
708 791 791 847 nobis
813 791 843 846 in
862 791 976 847 Christo
994 790 1129 847 dilectum
1147 809 1199 863 per
1215 810 1268 849 vos

152 876 282 949 primitus
307 878 443 949 legittime
468 879 648 936 licenciatum
670 888 698 934 et
722 879 873 935 dimissum
894 897 929 935 ex
951 880 1076 935 unanimi
1099 898 1217 937 assensu
1239 890 1268 936 et

153 982 293 1021 consensu
307 968 398 1021 tocius
410 966 525 1039 capituli
538 966 624 1023 vestri
637 967 786 1023 uobiscum
804 967 1012 1039 imperpetuum
1026 979 1267 1024 commoraturum

153 1054 207 1109 sub
223 1054 399 1125 regularibus
415 1055 573 1127 disciplinis
590 1072 640 1127 per
656 1072 708 1110 nos
725 1054 851 1125 legitime
866 1066 1011 1127 receptum
1023 1054 1083 1112 iore
1094 1074 1128 1111 ex
1140 1056 1266 1112 unanimi

152 1153 270 1193 assensu
294 1146 323 1193 et
347 1155 490 1194 concensu
514 1138 606 1193 tocius
623 1138 745 1228 ¹capituli
771 1140 861 1194 nostri
886 1149 983 1195 tenore
1007 1140 1192 1211 presencium.
1232 1142 1266 1195 In

152 1224 233 1280 cuius
252 1226 291 1281 rei
310 1226 504 1283 testimonium

203 1366 367 1443 Venerabili
389 1376 417 1423 et
438 1367 569 1438 religioso
589 1367 650 1423 viro
668 1369 746 1423 fratri
764 1364 795 1439 [,
958 1425 963 1433 ,
990 1364 1002 1439 ]
1019 1368 1106 1439 priori
1125 1365 1265 1437 prioratus

147 1454 337 1525 de‘Stonley
366 1456 542 1511 lincolniensi
571 1455 678 1511 diocesi
707 1464 736 1511 et
766 1455 894 1512 eiusdem
924 1456 978 1511 loci
1007 1455 1159 1511 conuentui
1189 1455 1266 1526 prior

153 1543 320 1599 Monasterii
341 1543 431 1599 sancti
454 1542 547 1613 Egidii
567 1543 603 1598 de
627 1542 782 1599 Bamewell
807 1543 885 1598 iuxta
908 1542 1123 1613 Cantabrigiam
1148 1542 1264 1612 Elyensi

150 1616 260 1686 diocesi
274 1641 303 1688 et
319 1632 448 1688 eiusdem
464 1631 518 1687 loci
536 1638 694 1687 conuentus
711 1632 840 1686 Salutem
855 1630 885 1685 in
902 1631 1030 1686 omnium
1042 1630 1184 1687 saluatore
1196 1630 1265 1702 quia

150 1718 270 1782 dilectus
287 1718 370 1775 nobis
388 1718 416 1774 in
431 1718 569 1791 Christoi
729 1776 731 1781 ,
781 1716 960 1790 ]cauonicus
971 1727 1001 1773 et
1015 1717 1157 1775 confrater
1168 1727 1265 1774 noster

150 1805 180 1877 ip
201 1807 378 1863 Monasterio
398 1818 496 1863 nostro
517 1808 587 1870 Rite
598 1806 740 1879 protessus
758 1824 793 1862 ex
812 1806 896 1862 certis
914 1807 1008 1861 causis
1025 1806 1159 1877 legitimis
1180 1806 1263 1862 nobis

150 1894 323 1964 preostensis
340 1895 443 1965 pariter
460 1903 488 1949 et
504 1894 626 1964 cognitis
642 1912 660 1948 a
677 1901 774 1949 nostro
791 1892 966 1948 Monasterio
978 1893 1007 1947 in
1020 1904 1144 1949 vestrum
1157 1894 1262 1965 priora·

150 1990 214 2054 tum
229 1982 399 2053 paternitate
418 1990 511 2057 restra
529 1982 641 2036 favente
660 1980 689 2035 in
704 1980 849 2052 utriusque
865 1978 989 2035 hominis
1008 1980 1051 2035 sui
1070 1980 1261 2037 saluacionem

148 2079 178 2126 et
198 2086 298 2140 pacem
318 2070 396 2141 cupit
416 2088 446 2125 se
468 2068 604 2125 transferi.
643 2068 747 2125 Sciatis
767 2067 937 2141 prefatum[
1149 2068 1263 2141 Jnobis

149 2158 179 2211 in
201 2157 315 2213 Christo
335 2157 470 2213 dilectum
491 2174 541 2228 per
559 2175 610 2213 vos
628 2157 758 2229 primitus
775 2157 902 2229 legitime
920 2167 1066 2230 receptum
1075 2154 1117 2215 'ex
1134 2159 1262 2215 vnanirni

149 2262 268 2301 assensu
290 2254 319 2301 et
339 2262 480 2301 consensu
502 2246 592 2302 tocius
618 2246 741 2318 Capituli
766 2247 852 2303 vestri
877 2246 1024 2303 vobiscum
1051 2248 1261 2318 Imperpetuum

149 2344 388 2391 commoraturum
398 2333 451 2388 sub
463 2333 638 2403 regularibus
649 2332 808 2405 disciplinis
818 2350 934 2406 pennos
945 2333 1070 2404 legitime
1081 2335 1261 2396 licenciatum

149 2427 178 2473 et
190 2418 339 2474 dimissum
352 2419 411 2474 iore
423 2436 457 2474 ex
469 2418 595 2473 vnanimi
608 2434 726 2473 assensu
739 2428 767 2473 et
780 2434 920 2474 consensu
936 2418 1027 2490 tocius
1040 2418 1155 2496 capituli
1172 2420 1261 2475 nostri

148 2513 247 2561 tenore
259 2506 445 2576 presencium.
485 2506 519 2560 ln
531 2504 611 2561 cuius
623 2504 661 2560 rei
675 2502 881 2575 testimonium]
