3192 5067
182 338 216 437 1]
571 339 744 415 Furtlrer
762 347 904 438 granis
1243 360 1290 432 45

236 527 436 582 Concessimus
445 527 538 584 eciam
547 528 588 583 eis
598 528 670 583 duas
680 537 774 598 partes
785 528 960 584 decimarum
971 530 1007 584 de
1016 528 1148 584 omnibus
1161 526 1294 598 dominijs

181 613 321 670 iamdicti
337 614 442 685 Pagani
460 626 488 671 et
504 615 631 671 omnium
648 616 853 687 pertinencium
866 618 903 673 ad
920 616 1067 672 baroniam
1084 618 1121 673 de
1135 618 1248 671 Brunne
1265 616 1294 670 in

182 702 290 758 diocesi
314 713 419 759 nostra.
465 705 623 759 Habendas
647 715 676 760 et
701 706 839 761 tenendas
865 706 960 774 libere,
982 705 1086 777 quiete,
1112 704 1238 777 pacifice,
1264 704 1294 758 in

181 790 301 845 liberam
324 802 353 847 et
378 808 477 860 puram
500 802 527 846 et
549 802 714 862 perpetuam
736 792 929 860 elemosinam,
952 792 1107 848 secundum
1130 792 1206 864 quod
1228 808 1294 846 con·

183 878 288 933 sinetur
315 877 345 931 in
374 888 453 933 carta
481 879 689 950 predecessoris
719 878 808 934 nostri
837 880 875 934 ad
899 881 1001 935 domus
1026 898 1076 935 sue
1100 889 1129 935 et
1158 878 1215 934 illic
1240 879 1294 934 deo

183 963 371 1020 seruiencium
390 977 555 1036 perpetuam
574 966 821 1023 sustentacionem.

238 1052 444 1107 confirmamus
454 1054 545 1108 eciam
554 1053 632 1109 eiset
644 1056 860 1110 corroboramus
869 1072 968 1110 omncs
979 1054 1049 1110 alias
1059 1054 1253 1124 possessiones
1266 1062 1294 1108 et
1307 1065 1360 1107 'the
1383 1065 1459 1106 nene-

183 1141 356 1196 donaciones
373 1154 402 1197 et
419 1142 589 1197 elemosinas
605 1160 623 1196 a
638 1160 816 1214 quocumque
830 1144 884 1197 sibi
901 1143 999 1210 lactas,
1013 1143 1170 1198 relaxantes
1189 1144 1229 1198 eis
1247 1159 1294 1213 qui
1287 1115 1434 1258 Ξῗξὲᾎζο

184 1230 325 1285 iamdictis
342 1230 495 1286 Canonicis
507 1242 536 1285 et
553 1231 681 1288 Ecclesie
697 1248 748 1285 sue
766 1232 874 1303 aliquid
892 1232 960 1287 boni
979 1231 1104 1297 fecerint,
1117 1231 1161 1285 ..xl
1181 1229 1241 1285 dies
1258 1217 1340 1284 de⁶⁸
1308 1268 1341 1309 uu

184 1316 311 1371 iniuncta
323 1317 378 1371 sibi
391 1318 548 1387 penitentia
561 1320 715 1373 secundum
734 1320 811 1389 quod
828 1329 907 1374 carta
923 1318 1092 1374 uenerabilis
1106 1316 1193 1386 patris
1206 1316 1294 1371 nostri

183 1403 357 1476 W[illelmi]¹
371 1406 586 1461 Cantuariensis
597 1406 811 1480 Archiepiscopi
824 1417 951 1463 testatur.

240 1493 288 1564 Hij
302 1505 367 1549 sunt
380 1504 467 1549 testes
481 1505 533 1549 etc.

1351 1278 1438 1319 gence-

319 1653 366 1716 16.
414 1651 517 1718 Carta
539 1651 667 1717 domini
688 1650 817 1735 Nigclli
837 1650 988 1733 Elyensis
1009 1651 1165 1734 Episcopi

239 1786 385 1857 Nigellus¹
404 1788 450 1843 dei
474 1788 567 1858 gratia
589 1786 721 1857 Elyensis
744 1786 906 1858 Episcopus
928 1785 1060 1841 omnibus
1080 1796 1177 1841 sancte
1198 1785 1296 1841 matris
1309 1799 1398 1901 {perir
1388 1800 1459 1851 ,Bp

185 1874 314 1929 Ecclesie
335 1874 401 1944 filijs
425 1886 453 1928 er
478 1873 607 1929 fidelibus
632 1875 753 1929 salutem
777 1884 806 1929 et
830 1873 876 1929 dei
902 1873 1129 1928 benedictionem
1154 1883 1182 1928 et
1206 1888 1295 1927 suam.
1309 1849 1458 1943 gmpyaplon-

185 1962 375 2016 Concedimus
392 1973 419 2017 et
432 1962 634 2016 confirmamus
651 1972 679 2015 et
692 1960 746 2015 bac
764 1971 844 2015 carta
856 1969 953 2015 nostra
969 1960 1185 2014 corroboramus
1197 1976 1296 2015 omnes
1309 1951 1430 2043 Ρῐξζῑζξζ

183 2049 352 2104 elemosinas
370 2060 397 2104 et
414 2050 588 2104 donaciones
605 2061 633 2103 et
646 2048 841 2118 possessiones
859 2048 1069 2103 Canonicorum
1087 2047 1187 2103 Sancti
1200 2047 1319 2119 Egidijt
1309 2051 1460 2143 δεῦιῗιιιιι

183 2155 202 2192 a
219 2153 395 2207 quocumque
412 2138 466 2192 sibi
483 2136 587 2192 datas⁸.
635 2136 846 2191 Nichilominus
859 2146 954 2190 autem
968 2136 1150 2191 concedimus
1164 2135 1295 2189 omnibus
1309 2101 1448 2193 &exirm

183 2224 290 2295 aliquid
300 2224 462 2294 beneficij'
438 2242 479 2279 eis
490 2222 728 2294 impercientibus,
736 2222 781 2278 uel
789 2239 839 2276 eos
850 2233 983 2277 eteorum
994 2238 1038 2277 res
1049 2222 1295 2277 manutenentibus
1309 2202 1391 2244 “¹⁸⁶⁶

183 2322 212 2367 et
234 2311 454 2379 consulentibus,
474 2322 584 2383 partem
606 2320 635 2365 et
656 2311 862 2365 fraternitatem
884 2311 1011 2365 omnium
1033 2310 1245 2365 benefactomm
1268 2319 1296 2365 et

182 2402 347 2457 oracionum
360 2409 518 2455 conuentus
530 2397 648 2453 ecclesie
660 2407 756 2452 nostre
765 2407 794 2451 et
807 2407 975 2464 nostrarum,
987 2408 1024 2465 et,
1035 2397 1111 2467 quod
1124 2396 1232 2453 maius⁴
1244 2406 1295 2466 est,

182 2492 221 2546 ab
233 2490 360 2545 omnium
374 2489 513 2543 bonomm
525 2487 695 2542 retributore
707 2485 926 2542 retribucionem
939 2486 1089 2557 accipiant
1116 2487 1145 2541 Si
1156 2486 1219 2557 quis
1229 2478 1295 2541 uero

183 2577 292 2649 aliquid
309 2576 522 2647 possessionum
541 2574 585 2629 uel
604 2574 776 2644 dignitatum
795 2574 841 2627 uel
857 2573 1020 2628 libertatum
1038 2590 1152 2627 suarum
1171 2574 1296 2628 minuere

182 2668 230 2721 uel
242 2667 381 2737 surripere
399 2664 608 2737 presumpserit,
622 2664 721 2718 diuino
738 2663 884 2718 subiaceat
901 2661 1013 2728 iudicio,
1028 2663 1119 2717 donec
1136 2661 1297 2732 penitencia

184 2754 287 2809 ductus
300 2752 376 2826 quod
389 2769 487 2807 uersus
501 2768 549 2806 eos
562 2752 712 2822 deliquerit
725 2751 927 2806 emendauerit.
965 2751 1073 2805 Valete.

274 2936 285 2982 ι
291 2933 319 3000 7
367 2916 469 2984 Carta
498 2917 528 2981 Τ
525 2916 674 2981 heobaldi
697 2916 946 2983 cantuariensis
966 2915 1210 3000 Archiepiscopi.
1309 2925 1397 2989 s.14b

239 3050 438 3109 Theobaldus⁶
450 3051 496 3107 dei
509 3051 606 3121 gracia
623 3052 837 3107 Cantuariensis
849 3051 1087 3122 Archiepiscopus
1101 3051 1190 3106 tocius
1203 3052 1296 3121 anglie
1311 3064 1332 3105 Α
1341 3062 1438 3106 similar

184 3142 292 3213 primas
308 3140 440 3195 omnibus
457 3148 555 3193 sancte
573 3138 692 3195 ecclesie
710 3139 775 3209 filijs
794 3149 823 3193 et
841 3139 971 3195 fidelibus
991 3139 1117 3194 salutem.
1157 3140 1296 3194 Nouerint
1309 3115 1443 3207 mmm

183 3240 244 3285 tam
261 3238 407 3300 presentes
424 3242 510 3297 quam
528 3226 612 3281 futuri
628 3226 765 3297 quoniam
783 3242 881 3281 omnes
900 3226 1094 3296 possessiones
1112 3243 1182 3296 quas
1199 3226 1297 3281 famuli
1310 3214 1445 3317 ἷξῧοξξω·

186 3317 292 3373 Christi
304 3314 433 3371 canonici
426 3314 589 3383 'regulares
598 3315 690 3369 sancti
701 3314 796 3384 Egidij
807 3314 843 3369 dc
854 3315 1042 3370 Bemewelle'
1035 3325 1108 3370 iuste
1120 3326 1148 3370 et
1160 3316 1296 3371 canonice
1310 3315 1413 3408 2⁸¹²&-

183 3405 332 3478 possident
350 3404 395 3459 uel
413 3418 486 3473 quas
504 3402 534 3456 in
552 3401 652 3457 suturis
670 3402 845 3472 temporibus
863 3403 999 3458 canonice
1018 3402 1137 3474 adipisci
1157 3414 1296 3475 poterunt,
1329 3377 1375 3418 Ἥ

183 3503 245 3546 tam
264 3490 292 3545 in
314 3489 442 3560 ecclesiJ's
461 3507 548 3561 quam
568 3488 596 3542 in
617 3488 681 3558 aliJ's
700 3488 881 3543 facultatibus
903 3488 1077 3543 decimarum
1097 3490 1158 3545 siue
1178 3489 1296 3545 aliarum

184 3597 287 3648 rerum,
300 3596 350 3635 seu
370 3578 528 3634 donacione
547 3594 654 3647 regum,
671 3594 722 3632 seu
740 3577 895 3648 largicione
913 3577 1080 3648 principum,
1099 3594 1148 3631 seu
1166 3578 1296 3633 aliorum·

184 3684 305 3741 cumque
315 3668 464 3723 oblacione
473 3666 609 3733 fidelium,
619 3666 819 3721 confirmamus
829 3666 871 3721 eis
881 3675 909 3721 et
919 3664 1085 3720 auctoritate
1095 3674 1123 3720 et
1137 3664 1298 3721 testimonio

182 3757 340 3813 litterarum
353 3766 514 3811 nostrarum
527 3772 561 3811 ea
574 3755 789 3810 corroboramus
806 3755 883 3809 iuxta
896 3754 972 3825 quod
987 3754 1016 3807 iu
1030 3754 1177 3823 priuilegio
1190 3752 1297 3809 domini

184 3861 257 3916 pape
281 3842 376 3914 aniJ'⁰
396 3852 425 3898 et
447 3842 476 3897 in
499 3852 578 3897 carta
599 3841 769 3896 venerabilis
788 3840 882 3896 fratris
900 3842 988 3895 nostn'
1014 3838 1143 3911 N[igelli]
1165 3841 1297 3911 Elyensis

185 3930 321 4003 Episcopi
333 3931 500 3986 continetur.
540 3928 714 4000 Precipimus
726 3945 794 3997 ergo
807 3928 883 3999 quod
896 3928 983 3984 libere
996 3938 1024 3982 et
1037 3927 1131 3999 quiete
1144 3938 1171 3982 et
1184 3929 1213 3983 in
1226 3946 1297 4000 pace

248 4054 257 4086 ¹
274 4054 388 4105 William
398 4053 428 4104 ol
436 4052 564 4110 Corbeuil,
576 4052 638 4118 Abp
649 4050 678 4101 ol
686 4050 852 4116 Canterbury.
868 4049 1029 4115 rius-1136
1042 4049 1077 4116 (d.
1093 4066 1122 4101 ιι
1136 4050 1223 4115 Νον.).

250 4136 261 4168 ¹
278 4139 318 4204 Bp
328 4137 358 4187 ol
366 4137 424 4201 Ely‚
440 4134 601 4200 1133-1169
614 4134 649 4195 (d.
663 4148 694 4197 30
708 4134 788 4197 May).

249 4217 261 4250 ⁸
275 4220 350 4277 datis,
364 4219 422 4269 MS.
683 4213 694 4245 ⁴
709 4214 799 4272 inanis,
813 4216 869 4267 MS.

248 4301 259 4333 ⁸
276 4302 337 4367 Abp
348 4301 378 4352 ol
386 4301 551 4363 Centerbury‚
569 4296 727 4365 1139-1161
742 4300 776 4359 (d.
795 4300 825 4348 18
837 4299 919 4365 Apu).

249 4384 261 4418 ⁸
278 4387 355 4451 Pope‚
371 4401 398 4435 ra
413 4386 477 4435 Mar.
494 4382 786 4447 1144-2JFeb.1145.
