3192 5067
344 312 415 382 ²44
626 287 823 362 Hundred
841 289 892 386 os
907 289 1020 388 Long
1042 291 1147 364 Stow
1326 289 1452 388 [soon
1589 246 1591 252 V

341 475 570 558 geldabilibus
612 475 739 539 Ibidem
754 475 923 540 Robertus
936 475 981 540 de
996 475 1106 540 Bcche
1121 486 1213 540 tenet
1227 477 1256 540 ,i
1271 477 1401 560 hydam
1417 487 1453 541 et

342 579 516 643 dimidiam
532 579 716 662 geidabiles
736 580 780 644 de
797 579 956 644 Hamone
972 581 1080 645 Peche
1094 601 1155 664 per
1166 581 1344 645 dimidium
1359 579 1453 644 feodi

342 683 370 746 ,ἰ
402 683 524 758 militis,
560 694 595 747 et
624 683 726 748 debet
755 686 798 748 ad
829 686 977 750 wardam
1008 685 1117 750 Castn'
1147 684 1232 750 infra
1260 687 1313 750 iii
1342 707 1453 750 annos

342 786 516 852 dimidiam
540 807 686 852 marcam
709 789 753 852 ad
776 788 862 852 duas
884 789 983 864 vices,
1003 799 1039 854 et
1060 791 1161 854 debet
1183 791 1391 872 portagium

408 891 570 974 Herdwyr
604 892 827 976 [Hardwickl
888 893 1042 958 Libertas
1079 894 1235 976 Elycnsis
1271 893 1345 977 [the
1382 893 1452 976 Eiy
1589 922 1590 935 ¹

343 995 528 1080 franchise}
1589 986 1590 1013 ³

408 1099 528 1165 Ellesle
556 1101 739 1184 [Eltisley].
786 1101 953 1166 Henricus
978 1101 1021 1165 de
1052 1101 1173 1184 Longo
1203 1101 1334 1184 Campo
1356 1109 1452 1165 tenet

344 1203 478 1269 feodum
494 1206 522 1268 .ῐ.
537 1205 682 1289 [militis]
703 1207 747 1271 de
766 1205 908 1270 baronia
926 1207 971 1271 de
989 1206 1181 1289 biumbray,
1195 1218 1230 1271 et
1244 1205 1394 1271 defendit
1415 1226 1452 1269 se

344 1329 405 1392 pro
427 1309 478 1372 iii.
501 1309 599 1392 hydis
614 1311 838 1392 geldabilibus
853 1321 888 1376 et
903 1310 932 1376 .ῐ.
947 1311 1039 1389 roda,
1052 1321 1088 1376 et
1106 1311 1208 1376 debet
1224 1313 1252 1374 .i.
1267 1320 1391 1374 sectam
1416 1319 1452 1372 et

344 1413 387 1478 de
409 1414 538 1478 auxilio
560 1415 764 1480 vicecomitis
787 1417 876 1481 iiiis.
899 1415 993 1494 vid„
1013 1424 1049 1480 et
1070 1415 1172 1480 debet
1197 1416 1403 1499 pontagium.

412 1517 597 1582 Granteden
628 1519 746 1602 [Little
773 1519 974 1604 Gransden}
1019 1520 1172 1584 Libertas
1202 1519 1357 1602 Elyensis
1378 1517 1453 1601 [the

348 1623 413 1705 Ely
438 1622 624 1707 franchise}

413 1725 646 1813 Stmstong
657 1729 772 1815 Stow].
817 1731 996 1796 Villeimus
1006 1731 1050 1795 de
1062 1730 1174 1796 Stowe
1184 1741 1219 1794 ct
1229 1729 1454 1811 Baldewynus

346 1832 528 1898 decadem
551 1844 668 1900 tenent
689 1837 729 1900 .ii.
752 1836 862 1919 hydas
884 1837 1068 1920 geldabiles
1091 1855 1149 1918 per
1170 1835 1346 1899 dimidium
1362 1833 1453 1897 feodi

347 1939 374 2003 .i.
397 1937 513 2002 militis
542 1941 586 2004 de
616 1939 715 2005 feodo
745 1941 878 2006 abbatis
907 1943 952 2006 de
982 1941 1180 2024 Rameseye,
1208 1950 1244 2004 et
1272 1940 1397 2004 debent
1423 1941 1452 2004 ,i

346 2053 471 2108 sectam
495 2053 529 2110 et
551 2044 622 2130 [de]
645 2047 774 2112 auxilio
795 2047 1000 2112 vicecomitis
1029 2046 1119 2128 ,iiijs
1166 2045 1295 2109 ibidem
1321 2044 1454 2127 Symon

347 2147 555 2212 Camerarius
577 2158 671 2214 tenet
694 2151 722 2215 .ῐ.
745 2149 871 2235 hydam
895 2147 1096 2232 geldabilem
1127 2169 1186 2232 per
1211 2148 1383 2229 socagium
1408 2148 1453 2210 de

347 2251 499 2317 Galirido
513 2253 556 2316 de
572 2253 727 2319 Scalariis
747 2256 790 2320 de
812 2254 980 2330 Waddon,
994 2262 1028 2317 et
1043 2255 1144 2318 debet
1165 2254 1193 2316 .ῐ.
1209 2261 1334 2316 sectam
1349 2272 1452 2335 quam
1589 2258 1590 2261 ’

348 2355 461 2420 Adam
492 2356 586 2421 Albt'
617 2357 694 2422 iacit
725 2379 786 2442 pro
819 2380 861 2423 eo
893 2359 927 2422 in
957 2359 1119 2423 comitatu
1149 2367 1184 2420 et
1215 2357 1331 2419 Petrus
1366 2354 1454 2418 filins

346 2459 536 2524 Alexandri
560 2481 620 2544 pro
644 2482 684 2526 eo
711 2462 744 2526 in
771 2462 955 2538 hundredo,
977 2462 1076 2526 etde
1098 2460 1226 2524 auxilio
1248 2461 1454 2523 vicecomitis

347 2585 415 2630 .xx.
438 2564 600 2629 denarios.

229 2669 247 2722 ί
264 2670 335 2733 urb
414 2669 731 2754 Brunne[Boume1
779 2671 947 2735 Robertus
966 2670 1048 2735 Mile
1063 2679 1156 2734 tenet
1172 2669 1306 2734 feodum
1321 2671 1453 2733 dimidii

349 2775 462 2840 militis
492 2775 534 2838 de
567 2774 724 2840 Hamone
756 2775 863 2840 Peche
892 2778 936 2840 de
965 2776 1091 2840 honore
1123 2773 1267 2849 Peuerel,
1290 2783 1324 2836 et
1350 2773 1453 2837 debet

347 2878 492 2943 wardam
510 2879 618 2944 Castri
637 2879 811 2943 dimidiam
834 2900 979 2944 marcam
996 2879 1081 2944 inira
1096 2888 1162 2942 tres
1177 2898 1283 2940 annos
1303 2879 1345 2941 ad
1367 2879 1454 2940 duos
1589 2910 1591 2955 5

347 2983 444 3060 vices,
459 2991 493 3046 et
508 2983 608 3046 debet
629 2985 836 3068 pontagium.
884 2984 1013 3049 lbidem
1031 2984 1162 3047 Alanus
1176 2981 1219 3046 de
1239 2982 1337 3045 Turri
1360 2992 1454 3046 tenet

349 3087 483 3151 feodum
519 3088 546 3151 .ῐ.
582 3089 697 3151 militis
732 3089 775 3153 de
805 3089 932 3152 honore
967 3087 1190 3153 Richmondie
1223 3097 1257 3150 et
1291 3088 1393 3151 debet
1424 3089 1454 3152 .ῐ.

349 3202 484 3268 sectam,
499 3199 532 3254 et
547 3192 590 3254 de
606 3191 733 3255 auxilio
747 3191 952 3257 vicecomitis
967 3191 1032 3254 iis.
1077 3189 1209 3253 Ibidem
1223 3189 1394 3271 Johannes
1410 3190 1455 3253 de

348 3295 473 3378 Veriey
485 3303 577 3359 tenet
592 3297 653 3360 .vii.
669 3295 777 3378 hydas
797 3306 883 3360 terre
897 3295 1022 3358 scilicet
1038 3295 1065 3359 .ῐ.
1081 3294 1195 3357 hidam
1210 3302 1245 3356 et
1259 3303 1326 3356 tres
1341 3305 1455 3376 partes

348 3399 444 3462 vnius
458 3397 549 3480 hyde
565 3419 623 3482 per
638 3399 814 3463 dimidium
832 3398 919 3484 feodi
936 3397 1050 3462 militis
1066 3397 1109 3460 de
1124 3395 1223 3460 feodo
1239 3393 1378 3460 Roberti
1395 3397 1453 3460 filii

350 3502 489 3566 Walteri
505 3513 538 3567 et
554 3503 655 3566 debet
675 3505 703 3568 .ῐ.
719 3513 855 3580 sectam,
870 3512 904 3567 et
918 3503 963 3567 de
976 3503 1106 3566 auxilio
1122 3502 1324 3565 vicecomitis
1339 3503 1453 3567 xxiii.

350 3607 396 3671 Et
411 3607 582 3671 sciendum
604 3608 693 3690 quod
716 3606 841 3671 ibidem
862 3617 941 3670 sunt
956 3606 1022 3671 ‚xii
1038 3605 1127 3688 hyde
1141 3614 1176 3668 et
1191 3603 1330 3670 dimidia
1344 3616 1455 3688 preter

349 3720 470 3776 terram
489 3713 608 3776 Prioris
631 3713 673 3776 de
697 3711 899 3777 Bernewelle
921 3721 955 3777 et
977 3721 1100 3777 terram
1125 3711 1244 3774 Prioris
1266 3713 1309 3775 de
1328 3711 1454 3777 Sancto

352 3816 470 3880 Neoto.

418 3919 643 4004 Gamelingeye
678 3920 919 4006 [Gamlingayl
979 3923 1147 3986 Robertus
1189 3921 1320 3985 Auenel
1362 3932 1455 3988 tenet

352 4024 485 4091 feodum
522 4022 652 4089 dimidii
689 4027 804 4091 militis
840 4029 883 4091 de
918 4026 1046 4090 honore
1082 4025 1241 4090 Bononie.
1286 4026 1454 4092 Walterus

351 4132 394 4196 de
407 4131 585 4212 Leycestre
596 4139 688 4194 tenet
700 4132 835 4195 feodum
852 4132 981 4195 dimidii
998 4130 1113 4196 militis
1128 4129 1170 4194 de
1185 4130 1304 4194 eodem
1320 4131 1455 4197 honore.

353 4234 521 4300 Giibertus
549 4233 635 4298 filius
660 4235 791 4300 Thome
817 4247 910 4302 tenet
941 4236 1074 4302 feodum
1106 4235 1236 4300 dimidii
1268 4236 1383 4299 militis
1411 4239 1455 4302 de

352 4341 478 4405 honore
500 4339 542 4405 de
567 4338 685 4406 Neuill.
