3192 5067
345 339 395 407 94
630 317 668 390 T
662 342 717 391 wo
741 317 1035 417 student-pressis
1060 328 1096 393 to
1122 318 1161 392 be
1331 316 1451 418 [soor

346 500 383 557 de
403 510 498 557 cetero
518 510 615 557 teneat
636 502 753 558 easdem
774 504 811 558 de
831 502 915 559 nobis
936 521 987 575 pro
1006 504 1125 559 dimidie
1145 520 1242 559 marca
1260 502 1398 558 soluenda
1415 502 1452 557 ad

345 588 518 644 scaccarium
546 599 674 645 nostrum
701 586 751 659 [ad
779 588 896 661 festum]
924 592 1020 647 Sancti
1047 591 1205 655 Michaelis,
1230 600 1258 646 et
1283 590 1347 645 ideo
1371 588 1452 644 uobis

344 676 514 731 mandamus
537 676 614 747 quod
638 676 679 731 sic
703 677 772 745 fieri,
796 686 825 732 et
849 677 942 747 ipsum
968 678 1093 733 Priorem
1117 676 1275 749 predictum
1301 678 1450 733 terminum

344 764 450 820 habere
467 764 645 835 pennittatis

180 849 291 949 ffflfl·
399 855 485 909 Teste
494 871 541 909 me
550 853 613 925 ipso
625 854 702 925 apud
711 856 996 911 Westmonasterium
1005 855 1106 911 axelii.
1118 855 1164 911 die
1176 854 1273 926 aprilis
1285 871 1361 910 anno
1373 854 1451 925 regni

180 949 260 1001 nem,
271 958 329 1002 rm.
345 941 434 995 nostri
446 948 584 1009 ,xxan‘t

401 1248 450 1327 38.
497 1245 600 1314 Carta
620 1247 670 1312 ad
688 1249 916 1314 titvmt'endum
939 1250 1019 1313 duos
1039 1249 1216 1335 capellanos
1228 1260 1398 1333 perpenses

645 1352 680 1415 in
702 1354 916 1419 vmtarsitate
938 1352 1152 1437 Cantebrtgie.

181 1564 253 1657 m
399 1554 549 1612 Uniuersis
570 1566 668 1612 sancte
686 1559 785 1612 matris
804 1558 933 1615 Ecclesie
951 1559 1016 1614 filiis
1035 1559 1072 1614 ad
1090 1576 1161 1631 quos
1180 1576 1297 1631 presens
1316 1560 1450 1631 scriptum

180 1625 295 1707 „egui”
344 1644 512 1714 peruenerit,
535 1645 653 1714 Jolanus
679 1646 757 1717 prior
784 1646 821 1702 de
849 1648 1020 1703 Bernewelle
1047 1657 1074 1702 et
1103 1648 1231 1703 eiusdem
1257 1648 1311 1703 loci
1337 1647 1450 1703 humilis

180 1715 322 1816 ξξῖἷζζξξ
345 1732 510 1786 conuentus
527 1732 647 1788 salutern
665 1732 695 1788 in
713 1734 837 1790 domino.

180 1816 331 1918 ffiflf‘sgdn
399 1819 585 1875 Uniuersitati
610 1831 703 1875 uestre
727 1832 826 1877 notutn
851 1822 970 1879 facimus
994 1824 1071 1896 quod
1095 1840 1160 1879 cum
1181 1824 1349 1880 venerabilis
1371 1835 1451 1895 pater

179 1918 308 2010 tpdtppnd
344 1906 478 1976 magister
508 1906 667 1963 Willelmus
697 1909 733 1963 de
765 1908 897 1965 Killrenni
931 1911 1076 1981 quondam
1111 1912 1243 1981 Elyensis
1277 1911 1449 1983 Episcopus¹

181 2019 303 2069 cmm,
345 1992 530 2048 scinceritatis
542 1993 674 2049 affectum
687 2010 754 2065 erga
766 2011 818 2049 nos
829 2006 856 2051 et
867 1996 982 2052 domum
993 2009 1117 2053 nostram
1128 1998 1197 2053 dum
1207 1998 1314 2053 uiueret
1323 1997 1450 2068 gesserit,

179 2069 263 2162 affl
344 2081 420 2151 quod
442 2097 558 2152 operum
580 2081 736 2136 exibicione
757 2082 949 2155 multipliciter
969 2084 1132 2155 apparebat,
1151 2095 1178 2139 et
1198 2085 1226 2139 in
1246 2086 1344 2140 ultima
1362 2084 1450 2155 ipsius

179 2171 241 2261 {hey
285 2219 301 2261 ts
344 2168 465 2224 maxime
481 2168 635 2237 uoluntate,
648 2170 676 2224 in
694 2187 751 2241 qua
767 2172 850 2226 nobis
867 2172 974 2228 liberali
992 2171 1122 2243 largitate
1138 2174 1227 2227 multa
1241 2174 1317 2227 bona
1330 2173 1448 2243 reliquit.

180 2231 319 2321 mma?
345 2256 419 2327 Quia
430 2257 529 2325 eciam,
542 2269 635 2328 preter
646 2259 781 2329 predicta,
794 2260 832 2314 ab
843 2258 1038 2315 executoribus
1052 2259 1139 2331 ipsius
1153 2260 1277 2316 defuncti
1291 2271 1399 2316 tanturn
1413 2261 1449 2315 de

180 2321 322 2422 ,dffiy‘m’
343 2342 426 2398 bonis
443 2342 530 2413 ipsius
543 2344 667 2399 defuncti
679 2346 846 2415 recepimus,
859 2345 887 2399 in
901 2355 1065 2415 perpetuam
1078 2346 1227 2401 utilitatem
1240 2346 1342 2401 domus
1355 2357 1450 2401 nostre

180 2431 205 2462 ¹⁰
213 2421 297 2463 Μ*
343 2446 519 2497 conuersum,
538 2432 613 2487 vnde
634 2433 691 2487 duo
712 2432 874 2488 sacerdotes
896 2433 1092 2503 inperpetuum
1113 2434 1314 2490 conuenienter
1332 2443 1449 2505 possunt

179 2477 265 2514 lolwo

180 2521 228 2614 pp:
239 2521 330 2615 alrif-'ln
343 2518 494 2572 sustentari
507 2518 536 2572 in
549 2518 641 2585 scolis,
650 2518 776 2573 unanimi
789 2535 929 2574 consensu
942 2529 970 2573 et
983 2519 1127 2573 uoluntate
1137 2518 1226 2574 tocius
1236 2518 1350 2588 capituli
1360 2519 1449 2573 nostri

182 2621 295 2675 ntvtntty
342 2605 501 2675 obligamus
516 2622 569 2660 nos
585 2617 613 2664 et
626 2622 803 2662 successores
816 2615 927 2661 nostros
940 2606 977 2661 ad
990 2605 1192 2661 inueniendum
1205 2607 1275 2661 duos
1288 2607 1449 2677 capellanos

180 2672 372 2776 ιόζῇξηίψίη
394 2696 536 2765 theologia
556 2696 586 2749 in
607 2696 788 2750 uniuersitate
810 2696 992 2766 Cantebrigie
1013 2696 1158 2752 studentes
1177 2713 1228 2767 pro
1246 2696 1335 2766 ipsius
1354 2696 1450 2752 anima

180 2773 289 2875 ἓξὲξ·
343 2783 539 2854 inperpetuum
556 2784 653 2839 diuina
669 2786 866 2852 celebraturos,
880 2786 982 2856 quibus
999 2784 1117 2855 singulis
1133 2786 1216 2840 annis
1228 2784 1326 2840 decem
1340 2802 1450 2841 marcas

180 2854 313 2966 whssfl’ull
343 2871 379 2926 de
395 2889 508 2927 camera
525 2883 622 2927 nostra
638 2872 675 2926 ad
691 2889 788 2927 eorum
802 2871 1040 2930 sustentacionem
1053 2874 1256 2943 persoluemus‚
1269 2874 1449 2929 medietatem

180 2936 295 3017 5:3⁰5·
344 2960 416 3013 infra
425 2961 597 3032 quindenam
606 2960 697 3015 sancti
710 2960 869 3029 Michaelis,
877 2972 905 3016 et
913 2961 998 3017 aliam
1006 2962 1189 3017 medietatem
1198 2962 1269 3017 infra
1277 2961 1450 3032 quindenam

181 3025 283 3117 {22⁸}OE
345 3048 461 3103 Pasche.
499 3049 554 3118 Qui
573 3048 713 3120 capellani
732 3065 782 3119 per
798 3066 852 3103 nos
868 3060 896 3105 et
914 3066 964 3119 per
981 3050 1187 3105 Cancellarium
1205 3050 1386 3120 cantebrigie
1402 3050 1450 3121 qui

181 3173 261 3219 ,rm
343 3146 410 3191 tunc
434 3154 485 3209 pro
509 3148 636 3209 tempore
658 3136 741 3191 fuerit
766 3137 871 3192 debent
895 3136 1043 3208 prouiden'.
1093 3138 1131 3193 Et
1156 3136 1179 3192 si
1204 3137 1350 3207 contingat
1374 3139 1450 3210 quod

181 3226 312 3279 emptus·
342 3226 510 3281 vniuersitas
528 3224 709 3295 Cantebrigie
723 3242 858 3297 processu
874 3226 1009 3297 temporis
1021 3226 1180 3297 dissipetur,
1194 3236 1296 3282 extunc
1308 3224 1450 3281 ordinabit

181 3278 315 3380 {alifia
344 3314 504 3385 Episcopus
521 3312 653 3383 Elyensis
669 3315 714 3369 uel
729 3313 791 3368 eius
808 3313 1024 3369 archidiaconus
1037 3314 1086 3385 qui
1099 3330 1149 3385 pro
1161 3324 1288 3385 tempore
1300 3313 1381 3369 fuerit
1394 3330 1450 3369 vna

180 3376 491 3474 ¹El'„,¹,¹}{,11„„nobiscum
515 3402 551 3457 de
576 3402 728 3474 capellanis
753 3401 943 3472 prouidendis.
982 3402 1020 3456 Et
1043 3402 1081 3457 ad
1106 3402 1241 3457 maiorem
1269 3403 1450 3459 securitatem

181 3479 282 3570 ffissh‘
342 3490 501 3558 obligamus
514 3499 617 3544 terram
630 3500 755 3544 nostram
766 3489 802 3543 de
812 3489 988 3559 Wygenhale
998 3489 1035 3543 ad
1045 3488 1284 3544 sustentacionem
1294 3490 1449 3560 predictam

178 3577 278 3632 Jolnuy.
343 3577 441 3631 decem
471 3594 630 3633 marcarum
658 3576 865 3648 prouidendum
893 3577 933 3631 ita
961 3576 1038 3647 quod
1066 3576 1159 3631 dictus
1185 3577 1376 3632 Cancellan'us
1405 3578 1451 3632 uel

266 3673 282 3724 f.
299 3690 330 3739 34
344 3664 503 3736 Episcopus
525 3666 586 3720 siue
606 3666 823 3720 archidiaconns
845 3666 881 3721 de
899 3664 1036 3720 fructibus
1055 3664 1131 3719 dicte
1149 3674 1222 3721 terre
1241 3664 1331 3720 dictas
1350 3664 1449 3721 decem

180 3786 256 3829 m„
342 3768 454 3808 marcas
478 3753 600 3809 deducat
623 3754 647 3808 si
671 3770 724 3808 nos
749 3752 777 3807 in
802 3770 899 3809 earum
924 3754 1068 3809 solucione
1092 3754 1129 3809 ad
1150 3752 1286 3809 terminos
1307 3754 1449 3825 predictos

181 3837 264 3889 ⁸¹¹·‘y
273 3837 295 3879 ¹·
304 3842 330 3880 ‘⁰
343 3840 536 3907 defecerimus,
549 3842 625 3910 quod
639 3840 720 3896 absit.
758 3841 796 3895 Et
810 3840 838 3895 in
851 3841 934 3897 buius
947 3842 985 3897 rei
999 3841 1193 3897 testimonium
1208 3844 1329 3913 presenti
1346 3842 1450 3913 scripto

180 3888 211 3929 be
253 3887 278 3928 ld
287 3893 330 3930 out

180 3936 234 4030 21⁰2
235 3949 317 4030 veens·
343 3928 466 3999 sigillum
484 3938 612 3984 nostrum
627 3928 819 3999 apposuimus.
857 3931 990 3986 Testibus
1008 3930 1090 3986 nobis
1108 3930 1177 4001 ipsis
1189 3942 1217 3987 et
1230 3930 1322 4001 sigillo
1335 3930 1449 4003 capituli

180 4038 276 4080 ranan
342 4017 439 4073 nostri.

180 4089 293 4181 ἔξω·
395 4108 500 4162 Actum
512 4106 586 4175 apud
601 4105 772 4161 Bernewelle
784 4105 831 4163 die
844 4106 987 4162 dominica
998 4106 1127 4177 proxima
1139 4116 1205 4162 ante
1222 4106 1449 4178 assumpcionem

342 4197 427 4251 beate
438 4194 535 4261 marie,
548 4210 624 4248 anno
638 4192 755 4248 Domini
768 4201 812 4249 w.
827 4202 884 4249 cc⁰.
898 4202 982 4261 LV1J0.

435 4366 445 4399 ¹
462 4366 576 4418 william
586 4366 617 4417 of
624 4366 762 4433 Killrenny,
773 4366 814 4433 Bp
825 4367 854 4418 of
863 4366 920 4432 Ely,
937 4366 1096 4432 1255—1256
1108 4366 1142 4433 (d.
1158 4382 1188 4419 oe
1201 4367 1270 4434 Sept.
1288 4366 1368 4433 125⁶).
