3192 5067
181 306 238 404 ιν]
394 307 486 381 Casa
512 306 560 403 of
576 304 771 402 Reginald
790 303 834 375 de
860 303 1075 377 Comberlon
1215 327 1286 394 219

180 491 290 556 cilium
305 491 540 574 Lugdunense,
551 489 583 552 in
593 509 662 572 quo
673 489 765 571 Papa
774 488 923 552 decreuit
932 486 1022 569 quod
1035 485 1150 549 iratres
1160 485 1287 549 mendi·
1301 495 1446 594 effi&

180 605 296 659 cantes
311 595 354 658 de
373 604 483 658 cetero
505 613 572 656 non
595 594 779 675 reciperent
800 591 931 674 aliquos
952 589 994 654 ad
1016 591 1167 654 ordinem
1189 611 1286 654 suum
1301 557 1444 696 {3222101

180 709 252 776 etc,
262 699 415 782 exceptis
426 698 693 762 Predicatoribus
703 707 737 760 et
749 695 936 759 Minoribus
946 705 979 758 et
991 693 1181 759 Carmelitis
1188 715 1196 772 ;
1216 704 1251 758 et
1260 696 1287 757 si

180 806 305 869 uellent
320 804 414 869 dedit
430 803 602 866 licenciam
620 801 764 866 intrandi
778 801 954 884 religiones
966 800 1110 864 laxiores
1122 811 1184 865 etc.
1231 799 1288 862 Ex

180 931 220 974 eo
236 920 387 993 tempore
403 918 562 991 ceperunt
577 907 694 972 iratres
715 927 833 971 omnes
854 905 1084 970 mendicantes
1099 906 1289 970 decrescere

179 1017 222 1080 de
252 1015 306 1078 die
337 1015 370 1076 in
401 1013 500 1088 diem,
530 1021 565 1076 et
594 1012 637 1076 ad
669 1011 829 1075 nichilum
861 1009 986 1074 redacti
1018 1019 1104 1086 sunt,
1135 1009 1288 1091 exceptis

181 1118 448 1184 Predicatoribus
471 1126 532 1181 etc.

183 1356 200 1402 2
205 1354 232 1420 5.
276 1340 327 1404 De
348 1339 504 1404 Bercaria
526 1348 556 1402 et
581 1337 785 1406 columbario
807 1337 989 1421 reginaldi
1009 1338 1048 1402 de
1073 1337 1287 1404 Cumbertone.

236 1472 336 1526 Pateat
354 1470 492 1526 uniuersis
511 1487 562 1541 per
579 1479 724 1540 presentes
741 1468 819 1540 quod
839 1485 905 1524 cum
923 1485 1020 1523 coram
1038 1469 1155 1524 domino
1175 1469 1289 1525 officiali
1302 1471 1318 1520 l.
1333 1472 1365 1533 ⁸4

181 1558 288 1612 domini
319 1558 520 1614 Archidiaconi
556 1557 690 1628 Elyensis
724 1556 892 1612 auctoritate
928 1556 1061 1626 ordinarij
1099 1570 1289 1626 cognoscente
1302 1551 1451 1643 mm

181 1645 314 1700 dominus
337 1645 478 1701 Henricus
496 1655 647 1716 perpetuus
666 1643 786 1700 vicarius
806 1643 926 1700 ecclesie
947 1645 1044 1700 Sancti
1065 1645 1169 1700 Botulfi
1186 1646 1288 1700 Cante·
1301 1657 1345 1693 out
1353 1651 1429 1693 orme

181 1732 270 1802 brigie
295 1743 394 1788 contra
416 1733 606 1802 Reginaldum
630 1733 667 1787 de
692 1732 883 1787 Cumbertone
907 1732 1077 1801 burgensem
1099 1731 1288 1803 Cantebrigie,
1301 1701 1350 1793 :llll
1376 1701 1435 1794 3¹2¹.

181 1837 265 1889 super
290 1821 407 1876 decimis
432 1819 662 1891 prouenientibus
686 1820 723 1874 de
752 1820 813 1874 solo
841 1819 928 1890 ipsius
956 1819 1105 1888 Reginaldi
1135 1820 1231 1875 clauso
1258 1819 1288 1875 in
1300 1808 1354 1894 ἵζ’
1363 1802 1424 1894 ζὶω

181 1909 289 1979 campis
310 1909 346 1964 de
373 1909 557 1977 Newenham,
579 1909 651 1963 infra
675 1909 753 1979 quod
774 1908 903 1964 bercaria
923 1918 952 1961 et
974 1906 1178 1963 columbarium
1200 1852 1451 2002 ἰρεὶυεξξτὲῗᾶω

184 1998 332 2066 Reginaldi
349 1998 403 2052 sita
419 2008 494 2060 sunt,
507 2007 536 2052 et
549 1999 633 2052 rebus
646 1998 709 2068 alijs
720 1994 818 2068 [inira]
831 1996 922 2051 solum
934 2005 964 2049 vt
977 1996 1146 2065 premittitur
1160 1997 1288 2051 clausum
1301 2015 1330 2044 ιι
1339 2015 1393 2045 wan

182 2085 427 2156 qualitercunque¹
445 2086 614 2156 nuncupatis
633 2085 768 2140 mouisset
788 2084 995 2156 questionem²;
1018 2084 1093 2138 idem
1115 2084 1288 2153 Reginaldus
1301 2053 1350 2154 ἷξε
1368 2054 1417 2146 ‘⁶20

183 2172 328 2244 injudicio
344 2175 513 2230 constitutus
530 2175 712 2246 profitebatur
728 2192 759 2229 se
776 2173 935 2229 huiusmodi
950 2173 1076 2228 decimas
1092 2174 1128 2228 de
1143 2174 1288 2244 premissis
1300 2154 1350 2245 {¹2}
1360 2154 1425 2246 cgff,

181 2263 379 2333 prouenientes
398 2265 639 2336 qualitercumque
660 2263 829 2332 nuncupatis
848 2263 924 2317 dicto
942 2262 1058 2318 domino
1075 2263 1201 2317 Henrico
1217 2263 1288 2319 velle
1300 2256 1454 2347 {5¹2¹}ssssssss

182 2351 299 2418 soluere,
317 2362 435 2421 optenta
451 2353 527 2421 prius
544 2352 720 2407 discussione
735 2369 832 2406 coram
849 2350 926 2406 dicto
940 2349 1056 2405 domino
1075 2351 1188 2406 officiali
1205 2369 1290 2423 super
1301 2354 1329 2445 οἷ
1336 2355 1433 2446 appot-

182 2441 341 2496 huiusmodi
371 2441 499 2510 decimis,
524 2459 561 2496 an
591 2442 669 2497 dicto
697 2440 814 2496 domino
846 2441 972 2495 Henrico
1000 2457 1085 2511 super
1113 2441 1167 2510 hijs
1196 2439 1289 2511 ipsum
1301 2416 1452 2504 deleted&

183 2529 373 2598 Reginaldum
387 2529 415 2583 in
429 2528 533 2584 iudicio
546 2529 722 2600 inquietanti,
733 2529 779 2584 vel
792 2527 929 2597 religiosis
942 2528 1008 2583 viris
1021 2528 1137 2583 domino
1152 2528 1239 2582 Priori
1253 2530 1288 2584 de
1303 2506 1384 2556 Μ’
1393 2505 1450 2558 ¹²⁸⁷·

184 2617 354 2672 Bernewelle
369 2627 397 2672 et
410 2617 538 2672 eiusdem
550 2617 769 2673 loci-conuentui
779 2615 873 2686 ipsum
883 2615 1073 2685 Reginaldum
1085 2633 1170 2686 super
1180 2616 1289 2672 eisdem

182 2703 300 2759 decimis
316 2705 492 2761 volentibus³
508 2716 538 2759 vt
554 2705 657 2759 dicitur
674 2703 831 2774 inquietare
847 2714 876 2759 et
892 2720 1002 2772 vexare,
1015 2703 1145 2758 nomine⁴
1161 2705 1289 2760 Ecclesie

182 2792 308 2847 omnium
328 2794 498 2848 Sanctorum
514 2795 550 2848 ad
571 2795 702 2848 Castrum
722 2791 750 2846 in
770 2792 951 2862 Cantebrigia
968 2810 1054 2863 quam
1073 2793 1147 2847 idem
1167 2794 1289 2864 religiosi

182 2879 310 2949 optinent
328 2881 357 2935 in
376 2882 505 2952 proprios
523 2898 598 2949 usus,
617 2891 646 2936 et
665 2879 802 2936 canonice
820 2890 925 2948 tenent,
943 2880 1103 2935 huiusmodi
1121 2882 1229 2937 decime
1247 2883 1288 2938 sic

181 2968 381 3037 prouenientes
400 2969 428 3023 in
446 2979 526 3039 parte
545 2970 588 3022 vel
608 2969 637 3021 in
659 2978 718 3023 toto
737 2969 781 3022 vel
801 2966 1049 3038 proporcionaliter
1067 2969 1136 3024 solui
1157 2970 1288 3038 debeant,

182 3053 313 3122 precipue
341 3070 406 3108 cum
430 3053 591 3108 huiusmodi
617 3054 708 3107 solum
733 3053 769 3107 sit
793 3053 823 3107 in
848 3052 981 3123 parochia
1003 3053 1147 3125 vtriusque
1171 3056 1289 3112 ecclesie

181 3139 307 3211 predicte
320 3141 405 3196 situm
418 3140 674 3212 proporcioualiter.
706 3141 838 3196 Tandem
851 3151 915 3212 post
927 3142 1078 3196 nonnullas
1087 3143 1289 3200 altercaciones

181 3227 248 3284 hinc
272 3228 338 3283 inde
362 3228 474 3284 habitas
499 3228 575 3284 idem
600 3229 732 3284 dominus
758 3228 900 3284 Henricus
925 3246 975 3299 pro
1000 3230 1075 3284 bono
1095 3230 1175 3301 pacis
1199 3232 1289 3288 voluit

181 3328 210 3373 et
227 3317 369 3388 concessit
381 3328 411 3372 vt
428 3328 486 3372 tam
503 3317 563 3389 ipse
581 3335 666 3388 quam
683 3318 806 3388 religiosi
822 3316 970 3372 memorati
988 3317 1149 3373 huiusmodi
1162 3319 1288 3376 decimas

182 3418 211 3462 vt
228 3406 398 3478 premittitur
410 3405 571 3460 nominatas
588 3406 624 3461 de
641 3405 775 3474 hercana,
789 3405 964 3460 columbario
984 3415 1011 3460 et
1030 3407 1112 3462 rebus
1130 3406 1194 3477 alijs
1210 3419 1288 3464 ante·

182 3493 265 3551 dictis
279 3494 349 3550 inira
366 3496 455 3549 solum
474 3493 631 3565 predictum
648 3493 847 3563 prouenientes
859 3492 978 3562 singulis
991 3494 1074 3549 annis
1087 3512 1138 3564 pro
1154 3505 1216 3551 rata
1228 3496 1288 3550 siue

181 3582 431 3654 proporcionaliter
452 3580 617 3652 percipiant,
639 3579 715 3634 omni
741 3580 964 3636 contradictione
988 3580 1076 3652 ipsius
1100 3583 1216 3639 Henrici
1238 3601 1289 3655 pro

182 3682 309 3743 tempore
322 3688 373 3727 suo
386 3680 517 3726 cessante
530 3671 558 3724 in
570 3668 723 3740 premissis.

239 3760 271 3814 ln
290 3758 369 3814 cuius
387 3759 426 3814 rei
443 3757 638 3813 testimonium
655 3758 778 3828 presenti
796 3756 901 3828 scripto
919 3774 970 3827 per
987 3759 1103 3813 modum
1122 3761 1288 3832 cyrographi

183 3847 336 3915 indentato,
352 3846 430 3902 cuius
448 3863 504 3902 vna
520 3863 585 3916 pars
602 3862 690 3918 penes
709 3844 868 3916 predictum
888 3846 1053 3914 Henricum‚
1070 3856 1098 3902 et
1116 3849 1204 3904 altera
1222 3865 1288 3920 pars

182 3953 269 4006 penes
299 3935 392 3990 dictos
422 3934 568 4004 religiosos
599 3934 764 4002 remanebit,
794 3933 888 4004 sigillo
920 3933 1100 3990 officialitatis
1130 3937 1286 4010 consistorij

182 4022 372 4078 archidiaconi
393 4023 525 4092 Elyensis
544 4021 668 4092 sigillato
686 4022 724 4076 ad
743 4021 913 4077 instanciam
931 4021 1179 4093 predictorum...¹'’.

231 4145 240 4177 ¹
256 4146 428 4212 qualitercum,
445 4147 502 4196 MS.
665 4143 677 4174 ²
692 4145 756 4194 ‘l'hls
767 4145 789 4194 ls
800 4145 844 4194 the
855 4145 960 4211 reading
970 4144 1000 4195 oi
1008 4146 1051 4196 tlre
1064 4146 1120 4198 MS.

231 4228 241 4258 ³
258 4228 330 4286 velle.
345 4227 401 4278 MS.
665 4227 676 4258 ⁴
693 4228 797 4286 nomini,
811 4229 868 4279 MS.

230 4309 240 4341 ⁶
257 4309 583 4376 Sigillnta...predictarum‚
598 4310 670 4372 MS.;
689 4311 733 4360 but
748 4326 818 4360 some
833 4311 915 4360 words
931 4326 973 4362 are
989 4311 1102 4376 wanting
1118 4321 1145 4362 to
1162 4313 1287 4378 complete

183 4393 224 4444 the
242 4402 368 4445 sentence.
