3192 5067
315 354 385 423 140
420 332 569 406 Veede'ct
594 334 642 430 of
658 344 764 407 court
788 346 829 407 at
855 334 1075 409 Babealeam
1101 337 1274 410 reversed
1294 335 1414 435 [uoox

143 524 253 626 &affin
374 516 524 602 Contigit
550 540 630 602 ergo
656 521 748 603 quod
775 540 903 585 messor
931 522 1059 599 Prioris,
1081 526 1227 607 acceptis
1253 523 1413 587 extractis

142 632 278 727 ἓξὲξ·
307 624 397 687 curie
412 644 472 706 per
487 644 621 687 manum
639 624 753 688 balliui
769 626 850 689 dicti
868 624 1046 710 Glilberti]‚
1059 627 1232 692 distrinxit
1244 628 1412 710 quendam

143 732 286 819 ffffim
309 727 448 791 liberum
470 726 639 792 hominem
661 750 723 812 pro
743 732 1005 795 amerciamento
1019 731 1209 813 Johannem
1225 732 1267 797 de
1287 732 1413 797 Hulmo

142 838 267 920 mm
310 833 453 897 nomine.
500 832 561 897 llle
587 843 698 897 autem
726 835 877 898 senciens
904 856 940 899 se
967 836 1114 902 indebite
1141 839 1312 903 amerciari
1336 837 1413 903 fecit

309 937 491 1021 replegiare
502 940 614 1002 aueria
629 961 690 1003 sua
705 940 747 1004 ad
764 942 890 1004 curiam
908 940 1118 1026 Britann[ie]¹
1133 944 1176 1007 de
1190 942 1413 1019 Badburham‚

308 1050 343 1105 et
368 1042 565 1105 attachiauit
588 1044 696 1125 ipsum
721 1063 901 1107 messorem
926 1046 968 1108 ad
992 1046 1262 1129 respondendum
1286 1046 1348 1110 sibi
1371 1046 1414 1109 de

308 1144 431 1210 iniusta
452 1145 670 1211 districcione.
716 1147 784 1231 Qui
808 1150 916 1232 primo
939 1150 993 1213 die
1017 1152 1108 1213 uenit
1130 1152 1202 1215 sine
1225 1152 1356 1215 essonio
1379 1158 1413 1213 et

308 1250 481 1334 placitauit
500 1272 577 1316 cum
599 1273 647 1315 eo.
691 1250 957 1335 Verumptamen
979 1256 1068 1319 curia
1089 1253 1151 1319 fuit
1170 1255 1268 1319 nimis
1284 1255 1412 1318 fauora-

308 1353 383 1419 bilis
406 1357 468 1439 ipsi
490 1357 646 1439 Johanni,
668 1364 702 1420 et
725 1359 840 1421 statim
864 1357 958 1422 dedit
976 1358 1140 1441 judicium
1163 1369 1280 1423 contra
1302 1358 1411 1441 ipsum

310 1479 498 1524 messorem.
544 1461 697 1545 Rogatus
719 1460 807 1525 idem
829 1482 956 1526 messor
975 1464 1066 1545 quod
1085 1462 1249 1526 inueniret
1264 1461 1411 1546 plegium

308 1563 351 1627 de
364 1564 610 1642 misericordia¹,
620 1565 746 1630 habens
758 1566 933 1630 consilium
948 1564 1067 1630 Prioris
1079 1566 1175 1631 iuxta
1187 1588 1231 1643 se,
1241 1564 1413 1650 respondit

307 1668 398 1751 quod
419 1668 533 1746 noluit,
549 1680 582 1735 et
603 1670 803 1736 senescallus
825 1670 920 1734 iussit
935 1672 1069 1735 arestari
1086 1691 1206 1754 corpus
1222 1670 1301 1748 eius,
1315 1680 1349 1735 et
1365 1672 1412 1735 ita

307 1773 433 1838 factum
460 1783 511 1838 est
537 1795 642 1858 usque
668 1776 712 1838 ad
739 1775 855 1838 horam
884 1794 1016 1838 nonam.
1066 1774 1158 1838 Prior
1188 1796 1266 1838 uero
1297 1777 1410 1839 statim

308 1878 398 1942 misit
418 1878 461 1943 ad
477 1880 601 1943 curiam
620 1880 732 1963 Regis,
746 1890 781 1945 et
797 1880 990 1964 impetrauit
1006 1880 1107 1944 breue
1123 1880 1165 1943 de
1181 1878 1265 1943 salso
1281 1879 1411 1945 iudicio

308 1982 386 2067 Quo
405 1985 487 2062 uis0‚
502 1994 682 2049 sectatores
702 1987 792 2049 curie
814 1986 966 2049 uidentes
986 2006 1023 2048 se
1042 2006 1116 2049 esse
1136 1986 1168 2049 in
1191 1995 1264 2049 arto
1283 1986 1410 2069 positos

307 2088 454 2152 lecerunt
478 2109 594 2171 pacem
617 2108 693 2151 cum
718 2088 830 2151 Priore
853 2108 913 2171 pro
937 2089 1113 2171 sexaginta
1135 2087 1258 2163 solidis,
1279 2098 1313 2153 et
1333 2108 1412 2152 con-

306 2192 434 2257 cordati
449 2203 535 2257 sunt
582 2192 701 2257 Dictus
716 2213 796 2256 uero
811 2192 982 2274 Johannes
998 2195 1040 2256 de
1058 2192 1186 2255 Hulmo
1202 2201 1318 2275 postea
1333 2210 1409 2255 cum

307 2316 431 2379 magna
445 2296 633 2361 humilitate
648 2297 759 2380 posuit
775 2316 811 2359 se
828 2298 859 2359 in
877 2294 1101 2359 misericordia
1118 2294 1247 2360 Prioris.

305 2548 356 2610 61.
400 2544 453 2608 De
472 2545 594 2627 placito
620 2544 707 2607 inter
731 2543 884 2607 Peterem
909 2542 947 2606 de
971 2541 1164 2605 Bernewelle
1186 2551 1219 2605 et
1242 2540 1409 2604 dominum

397 2650 554 2713 Themam
591 2648 757 2713 Lenebant
791 2647 1053 2711 archidiaconum
1091 2644 1267 2727 Suffoleleie
1301 2664 1409 2707 ceram

392 2753 584 2819 iustieiaries
609 2754 696 2836 regis
719 2753 811 2835 apud
837 2750 1013 2819 Cattulmle
1036 2749 1075 2813 de
1104 2748 1233 2814 redditu
1258 2748 1297 2812 de
1323 2746 1409 2811 Bur-

390 2859 491 2923 stalle.

142 3046 290 3118 ortueeon-
371 3029 519 3115 Quidam
535 3029 643 3092 dictus
660 3027 826 3094 Walterus
843 3026 873 3090 le
891 3025 997 3088 Franc
1016 3025 1059 3088 de
1074 3024 1269 3089 Cestertone
1285 3028 1408 3109 recepit

141 3104 325 3241 §beffa
353 3135 538 3199 Laurencio
565 3135 677 3197 Priore
703 3143 737 3197 et
762 3140 930 3196 conuentu
957 3133 1000 3196 de
1027 3129 1229 3193 Bernewelle
1252 3129 1294 3194 ad
1320 3130 1407 3195 leodi

143 3212 246 3292 θῑῗῗοῑὶ·
274 3212 290 3241 ⁰
305 3241 436 3305 firmam
463 3249 584 3304 terram
610 3239 653 3302 de
677 3235 840 3301 Burstalle
863 3256 939 3300 cum
962 3234 1175 3319 pertinenciis
1201 3254 1259 3317 per
1280 3247 1406 3300 cartam

305 3345 583 3429 cyrographatam
605 3363 665 3425 pro
684 3344 863 3424 sexaginta
878 3340 992 3405 solidis
1009 3361 1068 3424 per
1082 3359 1206 3403 annum
1224 3350 1285 3404 etc.
1330 3339 1408 3424 Quo

305 3450 471 3527 defuncto,
483 3449 651 3513 Robertus
667 3447 697 3510 le
710 3446 833 3510 Franc³
847 3446 934 3510 filius
951 3447 1020 3510 eius
1036 3455 1070 3510 et
1085 3446 1180 3509 heres
1196 3445 1354 3509 successit
1369 3446 1409 3523 ei,

305 3565 339 3619 et
365 3555 443 3619 lecit
468 3554 663 3635 homagium
690 3561 724 3616 et
747 3550 906 3615 releuium
932 3549 1033 3613 Priori
1058 3548 1100 3613 de
1124 3548 1325 3613 Bernewelle
1348 3569 1408 3632 pro

305 3658 423 3725 eodem
447 3666 647 3722 tenemento

370 3764 449 3827 Post
465 3761 587 3825 multos
604 3781 683 3823 uero
698 3778 813 3835 annos,
825 3760 999 3842 ignorante
1016 3757 1136 3831 Priore,
1153 3757 1303 3821 vendidit
1318 3758 1407 3822 idem

229 3878 289 3941 ηε
305 3866 472 3933 Robertus
487 3866 626 3930 domino
640 3865 772 3929 Thome
789 3863 963 3927 Lenebant
979 3862 1211 3925 archidiacono
1228 3862 1408 3927 Suffolchie

304 3983 413 4037 totum
444 3978 671 4035 tenementum
702 3967 792 4052 quod
824 3967 932 4032 tenuit
962 3967 1004 4029 de
1036 3965 1147 4028 Priore
1175 3966 1206 4029 in
1235 3964 1407 4043 Burstalle,

352 4144 362 4176 ¹
379 4144 435 4193 The
447 4150 517 4193 court
528 4141 558 4191 ol
565 4142 609 4192 the
619 4141 700 4191 honor
711 4140 741 4190 ol
749 4141 872 4204 Brittany‚
885 4138 945 4188 held
956 4138 990 4201 by
1002 4138 1044 4187 the
1055 4144 1143 4186 counts
1154 4135 1184 4186 ol'
1193 4136 1305 4201 Brittauy
1317 4136 1354 4188 lor
1365 4138 1408 4189 the

302 4226 396 4278 benefit
407 4225 436 4276 ol
444 4226 508 4276 their
520 4233 626 4275 tenunts.

350 4308 361 4340 ²
377 4307 412 4374 pl’
423 4309 524 4366 demta,
539 4308 597 4357 MS.

351 4392 362 4424 ³
380 4394 439 4442 Rot.
454 4392 542 4440 Hund.
555 4392 612 4441 Vol.
627 4392 653 4439 ii.
666 4406 692 4455 p.
705 4388 760 4454 366.
