3192 5067
334 320 402 389 104
504 296 623 371 Laud
643 296 870 396 claz'mcrlby
904 296 1073 371 Willr'am
1099 297 1134 370 le
1159 295 1256 393 Bloy
1315 291 1433 392 [soors

459 524 488 589 7.
532 507 659 590 Assysa
682 518 775 591 capta
801 509 887 571 inter
908 506 1060 571 Priorem
1085 506 1305 570 Laurencium

691 624 723 677 et
745 612 921 676 Robcrtum
947 610 974 675 le
997 610 1072 676 Ros.

164 776 318 871 &affilas
395 748 498 813 Anno
522 750 649 813 domini
678 760 731 813 m⁰.
751 753 809 814 cc⁰.
832 748 1091 832 quadragesimo
1113 748 1205 831 regni
1229 748 1316 829 regis
1341 746 1434 811 Hen-

164 878 289 970 ffoyana
329 852 386 915 nei
415 852 475 936 filij
512 855 599 937 regis
636 853 799 935 Johannis
831 854 980 937 .xx⁰iiij⁰.
1011 853 1117 937 pridie
1153 853 1227 917 idus
1262 851 1341 935 Julij
1380 851 1434 916 die

165 934 289 1021 aisf'rr‘i‘e
328 956 459 1021 sabbati
487 967 587 1042 capta
610 957 672 1023 fuir
696 958 842 1042 quedam
867 958 972 1021 assisa
997 978 1083 1021 noue
1109 956 1295 1039 dissaysine
1322 975 1434 1019 coram

165 1028 315 1132 &hiim
328 1062 467 1125 domino
486 1060 684 1145 W[iilelmo]
709 1063 752 1126 de
774 1061 937 1138 Eboraco,
958 1063 1128 1144 preposito
1152 1060 1221 1144 [de]
1245 1059 1435 1136 Beuerlaco‚

164 1140 222 1182 Μ’
330 1166 464 1249 Rogero
494 1166 537 1230 de
572 1166 757 1249 Turkeby¹,
788 1165 939 1231 Gilberto
972 1166 1014 1231 de
1047 1167 1215 1241 Prestone,
1241 1164 1435 1247 justiciarijs

329 1270 560 1335 itinerantibus
583 1272 673 1355 apud
698 1271 874 1346 Hereford,
891 1273 976 1336 inter
998 1271 1204 1335 Willelmum
1227 1268 1257 1333 le
1278 1270 1361 1351 Bloy
1378 1269 1434 1353 qui

329 1384 410 1437 tunc
425 1375 585 1457 temporis
602 1374 663 1438 suit
679 1374 711 1438 in
728 1376 880 1439 custodia
897 1374 1036 1440 Roberti
1053 1375 1083 1439 le
1101 1374 1171 1437 Ros
1189 1374 1232 1437 de
1255 1374 1386 1438 Essaxe
1401 1384 1435 1436 et

330 1478 550 1542 Laurencium
570 1480 716 1543 Priorem
733 1479 775 1543 de
792 1478 994 1543 Bernewelle
1005 1479 1048 1542 de
1059 1480 1189 1543 duabus
1202 1479 1337 1561 virgatis
1350 1487 1435 1542 terre

329 1602 406 1646 cum
427 1583 635 1666 pertinentiis
656 1584 689 1646 in
714 1582 849 1659 Idiiord,
866 1603 949 1665 quas
973 1582 1164 1666 Stephanus
1181 1582 1211 1647 le
1233 1582 1434 1667 Bloyauun-

330 1687 424 1750 culus
434 1688 537 1770 patris
546 1688 627 1751 dicti
638 1687 799 1750 Willelmi
812 1687 905 1750 dedit
915 1688 1083 1750 canonicis
1094 1686 1136 1749 de
1148 1686 1348 1750 Bernewelle
1358 1706 1434 1748 cum

330 1810 467 1874 corpore
483 1811 543 1854 suo
563 1791 699 1874 quando
715 1790 839 1854 ibidem
861 1790 1065 1874 sepulturam
1082 1788 1190 1872 elegit.
1239 1789 1277 1851 ln
1293 1810 1434 1872 quarum

330 1895 539 1978 possessione
566 1894 666 1977 plena
693 1906 727 1959 et
754 1894 894 1977 pacifica
923 1895 1002 1959 dicti
1034 1894 1184 1958 canonici
1215 1894 1347 1957 fuerunt
1377 1913 1436 1975 per

330 2019 433 2062 vnum
455 2019 602 2062 mensem
624 2000 790 2081 integrum
813 2009 993 2082 antequam
1015 1998 1103 2063 idern
1129 1998 1320 2082 Stephanus
1342 1996 1436 2078 obijt‚

330 2104 373 2165 de
399 2123 466 2185 quo
493 2112 686 2167 tenemento
713 2102 802 2165 idem
830 2102 1018 2166 Willelmus
1043 2113 1181 2186 questus
1211 2113 1261 2166 est
1288 2100 1435 2165 Domino

332 2204 416 2287 Regi
441 2207 532 2288 quod
557 2205 666 2269 dictus
698 2206 790 2269 Prior
819 2206 1012 2288 dissaysiuit
1042 2226 1117 2269 eum
1150 2206 1270 2269 iniuste
1300 2215 1334 2268 et
1364 2206 1435 2268 sine

330 2309 460 2373 iudicio.
506 2309 571 2374 Die
598 2330 677 2373 uero
703 2312 854 2393 superius
880 2311 1055 2375 nominato
1085 2320 1248 2375 uenerunt
1275 2311 1434 2373 iuratores

330 2434 442 2478 coram
465 2415 562 2478 dictis
583 2414 774 2498 justiciariis
797 2426 830 2480 et
853 2416 1011 2480 dixerunt
1034 2416 1123 2499 quod
1148 2416 1315 2500 predictus
1343 2415 1436 2478 Prior

330 2539 501 2602 nunquam
518 2521 709 2602 dissaysiuit
722 2522 848 2584 dictum
863 2520 1067 2584 Willelmum
1082 2522 1124 2584 de
1136 2522 1227 2585 dicto
1243 2529 1434 2585 tenemento

330 2644 405 2688 cum
433 2624 653 2707 pertinenciis,
675 2625 755 2707 quia
776 2627 886 2689 dictus
909 2625 1097 2690 Willelmus
1121 2647 1290 2709 nunquam
1318 2624 1435 2689 habuit

254 2727 498 2810 r.38saysinam
531 2729 564 2790 in
595 2727 652 2791 illo
689 2738 882 2792 tenemento
917 2750 993 2792 cum
1031 2730 1243 2813 pertinencijs
1279 2730 1341 2793 nisi
1378 2748 1435 2812 per

329 2835 511 2917 quamdam
533 2834 749 2898 intrusionem
769 2856 871 2918 quam
893 2834 970 2899 iecit
993 2856 1092 2919 super
1106 2816 1286 2919 saysynam
1307 2835 1435 2899 Prioris

331 2938 431 3003 Vnde
447 2938 556 3003 dictus
571 2938 760 3003 Willelmus
777 2939 807 3004 le
824 2940 910 3023 Bloy
926 2950 960 3004 et
980 2951 1092 3004 custos
1108 2961 1187 3004 suus
1203 2960 1261 3023 per
1276 2938 1433 3002 iudicium

332 3042 420 3106 curie
442 3052 670 3107 remanserunt
692 3044 724 3105 in
747 3044 980 3120 misericordia,
996 3053 1030 3107 et
1048 3044 1140 3108 Prior
1155 3044 1188 3107 in
1204 3044 1339 3125 saysina
1355 3063 1423 3106 sua.

165 3170 284 3223 rnepm-
398 3148 580 3213 Sciendum
607 3158 659 3211 est
685 3159 718 3211 et
749 3150 941 3212 memoriter
971 3149 1179 3213 retinendum
1210 3150 1299 3231 quod
1326 3149 1435 3211 dictus

166 3220 318 3364 {0:112in
332 3252 425 3315 Prior
447 3252 571 3335 recepit
594 3254 762 3333 saysinam
787 3252 829 3316 de
854 3252 943 3316 dicto
967 3262 1160 3316 tenemento
1183 3254 1435 3335 quartodecimo

200 3322 303 3374 ΡΜ
331 3355 462 3420 kalend.
493 3354 649 3421 Octobris
680 3355 758 3419 seria
789 3358 916 3438 quinta,
942 3376 1031 3419 anno
1061 3356 1188 3419 domini
1216 3368 1270 3421 m0.
1295 3368 1352 3421 cc⁰.
1379 3357 1435 3420 tri·

330 3461 455 3525 cesimo
477 3460 536 3542 vj⁰;
557 3470 591 3524 et
614 3461 669 3524 die
691 3460 796 3523 sancti
823 3461 954 3524 Kalixti
978 3481 1065 3544 pape
1092 3461 1247 3543 proximo
1273 3472 1434 3545 sequente

165 3585 316 3638 noeane.
332 3567 411 3630 seria
427 3565 490 3649 ,rije
511 3565 596 3649 obijt
617 3564 809 3648 Stephanus
831 3564 861 3629 le
883 3566 969 3649 Bloy
981 3588 988 3645 ;
1013 3575 1046 3629 et
1067 3576 1184 3649 postea
1204 3565 1290 3629 circa
1313 3566 1433 3630 festum

163 3691 315 3744 oncense.
330 3670 436 3733 sancti
461 3667 614 3733 Nicholai
639 3669 794 3752 proxime
817 3689 958 3753 sequens
981 3678 1058 3752 post
1082 3679 1222 3733 mortem
1249 3670 1320 3732 eius
1347 3667 1434 3732 sacta

330 3774 393 3838 suit
408 3774 547 3838 intrusio
563 3774 629 3837 iarn
645 3774 743 3838 dicta.

668 3972 695 4034 8.
740 3970 793 4033 De
815 3971 947 4053 Agneta
971 3970 1086 4034 Morel.

395 4106 485 4191 Quia
515 4105 623 4169 labilis
653 4115 704 4169 est
734 4106 907 4170 hominum
940 4108 1108 4185 memoria,
1136 4108 1168 4172 in
1196 4108 1326 4190 scriptis
1357 4120 1435 4173 sunt

331 4212 511 4294 redigenda
533 4232 599 4294 que
621 4221 773 4293 ternpore
796 4212 909 4294 aliquo
936 4234 1015 4277 casu
1037 4221 1116 4276 suut
1139 4216 1297 4277 iteranda
1345 4214 1434 4277 Hinc

653 4331 663 4364 ¹
679 4331 832 4398 Commonly
845 4334 942 4383 written
954 4334 1104 4398 Thurkilby.
