3192 5067
357 338 429 407 214
548 318 709 416 Dispute
735 320 828 393 with
854 320 995 394 Abboss
1020 320 1100 393 ond
1122 320 1260 395 stom
1336 322 1457 421 [soon

353 499 492 565 ecclesia
523 500 640 567 Sancti
672 503 830 569 Edwardi
866 524 927 569 sua
963 515 1171 570 sacramenta
1204 508 1394 590 percipient,
1424 518 1459 571 et

354 602 478 669 ibidem
505 626 583 671 suas
608 606 801 673 oblaciones
829 607 959 685 sacient,
983 619 1018 673 et
1042 610 1189 674 decimas
1216 630 1292 674 suas
1319 611 1457 675 soluent.

354 708 427 773 Nos
449 723 563 777 autem
587 713 688 778 frater
702 714 833 797 Symon
854 714 948 779 Prior
967 717 1010 779 de
1032 714 1235 779 Bernewelle
1255 724 1289 779 et
1309 716 1457 780 eiusdem

353 813 417 877 loci
447 826 635 881 conuentus
666 829 700 882 et
736 818 953 903 W[illelmus]
994 820 1135 884 vicarius
1170 819 1308 884 ecclesie
1343 820 1457 887 Sancti

354 916 532 983 Eadwardi
549 920 764 1005 Cantebrigie
778 943 824 987 ex
840 931 936 1005 parte
951 942 1025 1000 vna,
1038 943 1097 1007 pro
1113 922 1209 987 nobis
1221 932 1256 988 et
1265 924 1457 988 successori·

352 1020 416 1087 bus
431 1024 562 1101 nostris,
576 1036 611 1089 et
627 1046 688 1091 nos
704 1026 805 1092 frater
819 1028 990 1111 Johannes
1008 1028 1099 1092 Prior
1114 1037 1148 1093 et
1164 1028 1282 1093 iratres
1299 1030 1458 1095 heremite

352 1127 478 1191 ordinis
495 1128 610 1194 Sancti
628 1129 811 1215 Augustini
831 1132 1045 1215 Cantebrigie
1066 1154 1127 1215 pro
1148 1133 1244 1197 nobis
1265 1142 1298 1197 et
1314 1154 1458 1199 success·

352 1233 465 1299 oribus
486 1235 607 1299 nostris
627 1256 672 1299 ex
694 1236 808 1313 altera,
830 1238 1057 1320 promittimus
1077 1248 1110 1301 et
1131 1237 1318 1322 obligamus
1341 1258 1402 1302 nos
1425 1247 1459 1301 et

352 1360 558 1405 successores
574 1352 705 1405 nostros
720 1341 764 1406 ad
779 1342 894 1407 omnia
909 1350 944 1407 et
959 1342 1091 1425 singula
1106 1342 1298 1425 supradicta
1318 1340 1460 1407 fideliter

352 1445 563 1511 obseruanda
577 1456 612 1511 et
628 1447 661 1511 in
678 1448 771 1513 nullo
786 1449 920 1531 penitus
939 1448 1111 1525 contraire,
1126 1448 1357 1512 renunciantes
1378 1467 1458 1529 pure

352 1560 386 1615 et
402 1550 584 1617 deliberate
599 1554 711 1636 quoad
728 1552 890 1636 premissa
905 1554 1062 1619 omnibus
1073 1550 1256 1635 priuilegijs
1273 1552 1458 1634 impetratis

351 1677 391 1721 ac
417 1658 523 1723 eciam
550 1657 769 1742 impetrandis
796 1660 844 1725 ita
874 1669 987 1724 tamen
1018 1659 1130 1741 quoad
1161 1657 1275 1723 omnia
1301 1656 1366 1727 alia
1391 1656 1459 1721 sint

352 1760 526 1845 priuilegia
548 1773 662 1828 nostra
685 1765 786 1829 salua.

419 1864 459 1929 ln
475 1865 568 1931 cuius
584 1867 630 1932 rei
646 1868 876 1933 testimonium
898 1868 1044 1952 sigillum
1066 1866 1216 1933 officialis
1239 1866 1393 1951 Elyensis
1414 1866 1457 1929 ad

352 1970 550 2035 instanciam
573 1982 722 2037 nostram
747 1994 890 2039 unacum
914 1973 1031 2056 sigillis
1055 1974 1175 2037 nostris
1198 1984 1248 2037 est
1273 1992 1457 2056 appensum

352 2076 560 2159 presentibus
576 2077 693 2142 litteris
709 2079 742 2141 in
764 2080 903 2143 modum
922 2078 1121 2161 cyrographi
1143 2078 1267 2143 diuisis.
1314 2077 1404 2141 Data
1424 2084 1459 2139 et

352 2190 428 2244 acta
457 2182 512 2245 die
542 2202 631 2245 anno
657 2192 691 2246 et
716 2183 791 2246 loco
818 2182 982 2266 predictis.
1028 2180 1186 2245 Testibus
1216 2178 1458 2245 venerabilibus

352 2286 432 2351 viris
451 2288 613 2369 magistro
628 2288 781 2352 Gallrido
805 2290 848 2352 de
864 2288 1062 2361 Pacheham,
1079 2284 1286 2350 Cancellario
1302 2283 1458 2347 uniuersi-

352 2390 432 2453 tatis
454 2390 679 2475 Cantebrigie,
700 2392 868 2474 magistris
895 2391 1041 2475 Hugone
1065 2390 1107 2454 de
1130 2392 1288 2473 Pagraue,
1310 2388 1458 2452 Henrico

351 2494 529 2579 Sampson,
554 2498 632 2562 iuris
658 2497 766 2561 ciuilis
787 2497 1039 2581 professoribus,
1063 2496 1223 2579 magistro
1248 2495 1393 2577 Hugone
1416 2495 1459 2558 de

352 2598 467 2677 Holm‚
492 2602 632 2665 domino
659 2601 809 2685 Symone
834 2602 957 2665 vicario
983 2600 1122 2665 ecclesie
1150 2600 1266 2666 Sancti
1292 2599 1458 2681 Johannis

351 2703 573 2789 Cantebrigie,
606 2706 763 2789 Johanne
804 2707 878 2784 But,
914 2706 1069 2789 Johanne
1109 2704 1273 2781 Porthors,
1313 2703 1459 2767 Ricardo

351 2808 532 2887 Laurence,
574 2810 731 2893 Johanne
775 2812 923 2894 Martyn,
960 2830 1036 2875 cum
1080 2828 1201 2892 magna
1244 2807 1458 2871 multitudine

349 2914 551 2981 clericorum.

403 3116 452 3163 22.
499 3099 549 3163 De
561 3101 678 3181 formo
699 3099 937 3183 composicionis
951 3098 1043 3182 sacto
1066 3099 1153 3164 inter
1177 3096 1351 3164 Conom'cos
1371 3096 1411 3161 do

413 3202 606 3269 Bernewelle
627 3214 660 3269 ct
678 3205 877 3269 abbotr'ssom
900 3214 1076 3269 errorores
1097 3205 1136 3267 de
1168 3202 1391 3267 Warerbeclrr¹.

186 3358 304 3401 ΗΜ,
415 3325 518 3391 Anno
557 3327 685 3393 domini
718 3338 846 3395 .m⁰.cc⁰.
882 3328 1101 3409 nonagesimo
1140 3326 1243 3390 tercio
1278 3325 1459 3408 incipiente

186 3410 299 3502 hidffnra
349 3431 473 3515 incepit
482 3432 620 3497 domina
631 3432 783 3497 Dionisia
793 3432 837 3497 de
847 3442 962 3499 monte
975 3431 1098 3499 Caniso
1111 3430 1270 3495 fabricare
1281 3430 1457 3495 ecclesiam

183 3508 316 3652 ffi‘dr'
349 3546 383 3601 et
398 3536 521 3601 multas
536 3536 619 3601 alias
634 3536 784 3602 officinas
801 3536 843 3603 ad
860 3558 945 3622 opus
960 3557 1111 3601 sororum
1128 3536 1170 3601 de
1187 3534 1302 3601 ordine
1317 3534 1456 3601 fratrum

184 3660 303 3753 mos
350 3642 513 3706 minorum
532 3642 564 3706 in
587 3642 736 3709 manerio
751 3664 812 3707 suo
833 3644 876 3709 de
893 3642 1123 3719 Waterbeche,
1140 3652 1173 3707 et
1195 3662 1284 3707 anno
1305 3640 1458 3706 reuoluto

183 3762 326 3856 {pespffi
349 3757 512 3812 uenerunt
547 3746 592 3811 ibi
623 3756 766 3830 quatuor
801 3768 930 3813 sorores
964 3748 1051 3813 circa
1085 3746 1207 3812 festum
1239 3746 1458 3811 Ascensionis

183 3862 320 3955 ffintg·
350 3851 497 3929 Domini,
512 3854 554 3917 de
570 3861 658 3917 terra
670 3852 698 3917 F
699 3854 818 3919 rancie.
865 3854 911 3917 Et
923 3874 965 3918 ne
978 3852 1108 3919 matrici
1120 3852 1258 3917 ecclesie
1269 3852 1455 3935 dampnum

183 3972 241 4015 nco·
348 3958 538 4039 proueniret
550 3978 609 4039 per
619 3977 733 4021 earum
746 3958 941 4035 aduentum,
954 3957 1043 4023 facta
1058 3968 1109 4022 est
1124 3956 1328 4039 composicio
1344 3956 1377 4019 in
1393 3956 1455 4021 hec

347 4062 467 4126 uerba:

395 4197 403 4230 ¹
422 4201 473 4251 For
494 4202 537 4251 the
558 4202 655 4266 history
676 4202 706 4252 ol
724 4203 775 4254 this
797 4202 945 4253 foundation
967 4218 1009 4252 see
1032 4204 1054 4250 A
1079 4201 1186 4265 History
1206 4199 1238 4263 os
1252 4200 1292 4249 rte
1314 4198 1407 4248 Parisl
1430 4198 1462 4264 os

352 4283 512 4345 trareromh,
525 4285 559 4349 by
570 4285 611 4335 W.
630 4286 664 4335 K.
680 4286 753 4351 Clay,
767 4287 794 4335 B.
802 4288 844 4343 D..
856 4288 905 4339 8vo
919 4286 1009 4337 Camb.
1026 4288 1095 4352 1859,
1110 4302 1135 4350 p.
1150 4301 1178 4350 9¹
1194 4284 1293 4346 (Camb.
1307 4284 1369 4333 Ant.
1382 4284 1451 4343 Soc,

346 4372 395 4417 tlvo
407 4365 500 4431 rubr).
617 4382 620 4385 ⁴
