3192 5067
151 287 208 388 tv]
434 287 600 386 Gascmry
625 289 737 362 taken
764 289 808 386 by
832 289 980 362 Franco
1185 315 1251 386 231

488 644 540 707 43.
594 625 751 691 Vascom'a
766 624 907 708 perdita.

213 775 318 840 Anno
347 775 474 840 domini
506 783 633 840 .m⁰.cc⁰.
665 775 885 859 nonogesimo
917 785 1036 859 quarto
1067 777 1255 859 incipiente,
1269 787 1414 879 {mur

149 880 181 943 in
212 880 302 944 curia
334 881 437 964 Regis
468 879 608 944 Francie
636 879 848 944 abiudicatus
877 890 929 944 est
959 879 1144 944 Edwardus
1177 881 1253 944 Rex
1268 888 1386 980 poprvffid

148 981 273 1066 Anglie
288 983 331 1048 de
343 993 415 1049 tota
430 993 517 1048 terra
528 984 704 1059 Vasconie,
716 993 750 1047 et
761 981 826 1045 hoc
839 981 1065 1047 fraudulenter
1080 994 1113 1046 et
1129 982 1253 1048 dolose.
1267 988 1371 1088 Q,

150 1089 234 1153 Inde
259 1100 333 1154 orta
357 1100 408 1154 est
433 1087 600 1154 discordia
625 1089 710 1153 inter
741 1088 869 1170 Regem
901 1085 1028 1170 Anglie
1058 1097 1092 1152 et
1123 1089 1252 1172 Regem
1267 1098 1324 1140 ¹¹⁹⁴·

149 1194 295 1260 Francie.
340 1192 497 1277 Quinque
516 1193 676 1275 porticus¹
696 1192 823 1257 iaciunt
838 1192 1101 1275 depredaciones
1115 1203 1149 1256 et
1165 1192 1253 1258 bella

149 1300 253 1363 muita
284 1301 315 1363 in
347 1298 439 1363 mari.
485 1299 579 1364 Lane
610 1319 668 1381 per
703 1297 864 1381 Angliam
896 1298 1113 1380 prohibentur
1143 1299 1252 1364 uendi.

149 1404 269 1468 Fames
282 1423 405 1488 magna
420 1404 454 1467 in
469 1411 558 1468 terra
574 1401 751 1467 intantum
767 1403 859 1486 quod
875 1402 903 1485 .j.
916 1402 1080 1467 bussellus
1096 1402 1252 1468 frumenti

148 1508 282 1573 ualebat
291 1509 324 1572 in
337 1509 450 1593 vigilia
461 1507 718 1590 Assumpcionis
729 1506 826 1571 beate
839 1505 943 1570 marie
953 1508 1056 1571 .xxvi.
1067 1506 1098 1571 d.
1122 1507 1252 1591 Quarto
1265 1513 1396 1617 33¹5&

146 1613 201 1677 die
232 1614 355 1678 mensis
384 1611 464 1696 Julij
496 1633 614 1678 omnes
643 1609 733 1676 coire
762 1632 838 1675 cum
869 1612 1027 1675 thesauro
1055 1632 1115 1696 per
1143 1623 1251 1677 totam
1265 1615 1355 1658 '‘¹¹²⁶-

148 1717 308 1801 Angiiam
332 1728 402 1783 tam
426 1717 459 1781 in
484 1717 622 1782 ecclesia
647 1736 748 1800 quam
772 1715 851 1779 aiibi
875 1736 933 1798 per
957 1715 1124 1779 ministros
1149 1715 1251 1799 Regis

147 1833 225 1888 sunt
254 1823 385 1907 signate
422 1823 464 1887 ad
496 1843 580 1905 opus
612 1821 724 1905 Regis.
769 1820 858 1902 ‚xvii
890 1820 966 1884 Kal.
998 1819 1143 1905 Augusti
1175 1821 1252 1884 Rex

146 1927 274 1992 saisiuit
290 1929 471 2013 prioratum
495 1927 538 1991 de
554 1926 755 1991 Bernewelle
776 1945 852 1989 cum
868 1925 1024 1988 omnibus
1039 1923 1251 2008 pertinencijs

147 2032 180 2096 in
204 2052 323 2097 manus
345 2053 430 2108 suas,
451 2030 606 2095 videlicet
628 2051 689 2114 pro
711 2031 842 2095 decima
864 2030 1098 2113 episcopique
1121 2051 1140 2094 a
1163 2039 1251 2094 retro
1263 2049 1402 2142 333&

146 2135 216 2200 suit,
263 2137 340 2200 Non
368 2134 475 2200 multo
502 2144 578 2218 post
607 2134 738 2199 reddita
768 2143 820 2199 est
846 2134 1013 2197 canonicis
1035 2135 1168 2218 seysina
1192 2156 1251 2219 per
1262 2150 1378 2242 peperu-

147 2241 247 2304 breue
272 2240 375 2322 Regis
398 2238 440 2303 de
463 2237 638 2316 scaccario,
662 2238 755 2302 cuius
779 2232 880 2302 tenor
896 2238 974 2302 talis
996 2248 1066 2301 est:
1264 2230 1367 2353 &iun

200 2369 357 2424 Edwardus
372 2370 431 2423 Rex
444 2369 547 2438 Anglie
560 2378 612 2424 etc.
627 2367 783 2424 vicecomiti
798 2366 980 2436 Cantebrigie
991 2376 1020 2422 et
1036 2366 1252 2438 Huntingdonie

146 2458 273 2514 salutem.
313 2457 386 2527 Quia
400 2457 479 2511 Prior
496 2467 524 2512 et
542 2458 709 2512 Conuentus
727 2455 764 2511 de
778 2456 949 2512 Bernewelle
962 2454 1157 2512 satisfecerunt
1169 2455 1252 2512 nobis

145 2545 182 2600 de
198 2544 319 2614 pecunia
334 2543 445 2600 decime
461 2561 548 2615 penes
566 2544 642 2615 ipsos
659 2543 796 2614 deposite,
810 2560 861 2615 pro
875 2543 955 2599 cuius
971 2543 1083 2605 defectu
1100 2561 1190 2616 nuper
1201 2544 1252 2599 tibi

145 2634 323 2704 precepimus
341 2632 418 2704 quod
437 2631 595 2688 Prioratum
612 2632 692 2687 illurn
709 2648 774 2686 cum
794 2629 927 2686 omnibus
944 2629 1026 2686 terris
1042 2639 1071 2685 et
1083 2630 1252 2687 tenementis

145 2732 174 2777 et
186 2721 277 2777 eciam
292 2720 376 2776 bonis
392 2729 420 2776 et
437 2719 546 2775 catallis
560 2719 618 2776 suis
635 2737 751 2791 caperes
765 2719 794 2774 in
807 2736 924 2774 manum
937 2726 1072 2785 nostram,
1085 2729 1113 2774 et
1125 2736 1160 2775 ea
1171 2719 1252 2774 saluo

145 2809 309 2876 custodires,
335 2810 374 2864 ita
398 2809 474 2880 quod
499 2809 536 2865 de
559 2808 681 2865 exitibus
705 2810 862 2864 eorundem
891 2807 973 2862 nobis
1002 2807 1188 2878 responderes
1214 2808 1251 2862 ad

145 2898 318 2954 scaccarium
340 2907 467 2953 nostrum
489 2897 581 2953 donec
606 2896 682 2953 aliud
706 2898 757 2952 tibi
783 2898 850 2953 inde
875 2897 1091 2969 preciperemus,
1115 2896 1166 2951 tibi
1192 2914 1252 2967 pre·

144 2986 265 3058 cipimus
280 2985 357 3057 quod
374 2985 411 3041 de
426 2984 549 3055 prioratu
567 2985 693 3057 predicto
708 2995 757 3041 aut
774 2986 856 3041 terris
873 2995 922 3040 aut
938 2984 1107 3041 tenementis
1123 2985 1207 3041 bonis
1223 3000 1253 3043 et

144 3075 253 3131 catallis
266 3075 399 3146 predictis
411 3075 543 3132 decetero
556 3075 706 3131 occasione
719 3076 889 3146 predictam
902 3076 980 3130 nullo
991 3085 1019 3130 te
1032 3074 1212 3143 intromittas,
1225 3085 1253 3130 et

144 3165 241 3232 exitus,
255 3166 277 3218 si
291 3181 363 3235 quos
375 3164 442 3218 inde
455 3163 622 3234 perceperis,
635 3164 742 3220 eisdem
756 3166 819 3220 sine
835 3164 975 3219 dilacione
991 3162 1130 3219 restituas.
1167 3164 1253 3218 Teste

145 3254 190 3308 W.
205 3251 378 3308 Batbonensi
392 3263 419 3308 et
434 3251 569 3308 Wellensi
584 3251 736 3322 Episcopo,
750 3251 926 3308 thesaurario
938 3251 1057 3318 nostro²,
1069 3250 1146 3322 apud
1159 3251 1252 3306 West·

145 3339 347 3397 monasterium
360 3340 440 3396 .xxvi.
454 3339 500 3396 die
512 3339 577 3412 Julij
590 3357 667 3396 anno
680 3340 759 3411 regni
772 3339 861 3396 nostri
874 3339 958 3410 .xxij⁰.

317 3586 369 3648 44
413 3567 517 3634 Breue
539 3569 640 3652 Regis
655 3578 772 3652 parem
793 3567 832 3632 de
852 3566 1079 3650 acquietancia.

199 3714 355 3770 Edwardus
384 3715 430 3770 dei
459 3715 555 3786 gracia
582 3725 636 3771 etc.
662 3714 805 3770 Omnibus
833 3713 870 3768 ad
895 3729 966 3783 quos
991 3722 1136 3782 presentes
1160 3713 1253 3768 littere
1267 3721 1364 3764 tener·

144 3803 322 3874 peruenerint
339 3803 468 3860 salutem.
507 3803 652 3859 Noueritis
666 3820 718 3860 nos
731 3801 871 3874 recepisse
884 3801 920 3855 ad
934 3799 1108 3855 scaccarium
1124 3809 1251 3855 nostrum
1265 3777 1360 3864 pappi,

144 3891 191 3948 die
215 3891 399 3948 consectionis
424 3892 601 3963 presencium
621 3892 658 3947 de
682 3889 793 3946 dilectis
818 3889 901 3944 nubis
922 3888 951 3942 in
972 3886 1086 3942 Christo
1107 3887 1203 3943 Priore
1224 3899 1252 3943 et
1266 3872 1371 3971 {Usum

145 3981 293 4034 Conuentu
306 3979 342 4034 de
360 3979 532 4036 Bernewelle
549 3989 711 4049 nongentas
723 3976 822 4048 viginti
837 3986 865 4032 et
877 3975 1001 4047 quinque
1013 3973 1108 4041 libras,
1121 3974 1252 4030 undecim
1266 3983 1295 4014 π
1312 3983 1382 4014 now-

1266 4021 1416 4075 reserante

144 4067 259 4136 solidos,
279 4077 388 4138 septem
407 4067 547 4137 denarios,
561 4079 589 4124 et
608 4068 733 4134 obolum,
750 4084 822 4138 quos
842 4065 1001 4120 habuerunt
1021 4062 1049 4118 in
1070 4062 1200 4133 deposito
1216 4063 1252 4162 de
1266 4073 1395 4165 :effisos

143 4155 268 4224 denarijs
280 4155 390 4211 decime
404 4156 431 4211 in
445 4156 603 4212 subsidium
617 4166 690 4213 terre
700 4166 798 4212 sancte
811 4171 947 4210 concesse
961 4170 1010 4223 per
1026 4169 1142 4207 manum
1159 4151 1253 4206 fratris
1266 4173 1296 4214 a,
1344 4173 1394 4215 ma

146 4243 262 4300 Roberti
287 4243 323 4299 de
350 4244 495 4300 Hokitone
522 4243 652 4301 canonici
682 4243 811 4299 eiusdem
840 4242 951 4308 domus,
981 4241 1073 4311 ipsam
1101 4240 1252 4310 pecuniam
1268 4223 1401 4316 Μ’ξῇξζά

1266 4324 1376 4366 cunone.

242 4382 251 4414 ¹
269 4383 320 4436 See
330 4384 419 4444 above,
432 4384 543 4450 Chapter
555 4401 594 4447 4¹·
869 4381 881 4412 ²
897 4383 945 4433 See
957 4382 1045 4442 above,
1059 4397 1085 4446 p.
1099 4395 1154 4446 ²²9·
