3192 5067
163 355 227 455 111]
370 358 407 430 T
401 358 447 431 hc
458 358 548 456 fale
571 357 619 454 of
627 358 761 458 sames
786 358 847 431 tlte
874 357 1059 455 Chaplaz'n
1199 378 1264 451 125

162 541 377 624 justiciarius,
400 545 442 608 ad
470 543 632 609 beneficia
656 544 759 627 ipsius
783 544 904 608 Prioris
929 544 1028 608 ualde
1051 546 1209 627 ingratus,
1233 544 1266 608 in

161 649 228 715 fine
248 651 473 715 itineracionis
499 671 558 715 sue
584 650 779 714 amerciauit
803 652 948 715 Priorem
973 652 1014 715 ad
1039 651 1108 716 ,xl⁸.
1132 649 1266 727 solidos,
1279 657 1297 706 f.
1310 656 1368 722 46b

162 764 196 819 et
219 765 332 820 tamen
355 755 419 819 hoc
439 754 548 819 noluit
569 756 776 819 innotescere
798 756 909 819 Priori.
956 754 1056 839 Quod
1078 775 1154 818 cum
1176 755 1270 818 Prior

162 880 221 942 per
241 861 410 943 quendam
432 860 577 923 amicum
599 859 813 941 cognouisset
834 860 866 922 in
888 859 1031 935 secretis,
1047 859 1139 922 uenit
1155 878 1268 922 coram

160 964 299 1028 domino
315 964 514 1047 W[illelmo]
535 973 654 1046 petens
674 963 736 1027 sibi
760 964 868 1047 legem
891 984 1104 1028 communem
1121 963 1269 1039 concedi,

161 1067 308 1131 adiciens
329 1071 419 1151 quod
442 1069 618 1151 inquisicio
639 1068 728 1132 sacta
748 1069 782 1131 in
805 1068 961 1133 absencia
982 1090 1042 1133 sua
1063 1090 1130 1132 non
1151 1068 1269 1132 debuit

161 1171 224 1235 sibi
240 1171 453 1254 preiudicare.
486 1173 588 1255 Petijt
601 1193 682 1255 ergo
699 1173 954 1257 inquisicionem
968 1172 1035 1238 fieri
1050 1174 1082 1236 in
1096 1173 1268 1255 presencia

160 1296 230 1351 sua,
252 1286 290 1340 ut
315 1276 422 1359 possit
449 1277 601 1341 inimicos
627 1298 705 1339 suos
732 1298 896 1341 amouere.
944 1276 1045 1360 Quod
1077 1287 1110 1341 et
1142 1276 1267 1341 iactum

161 1390 219 1443 est.
262 1381 355 1443 Prior
373 1400 507 1463 quoque
527 1381 768 1463 calumpniauit
789 1402 894 1445 unum
915 1391 1047 1446 tantum
1068 1382 1125 1465 qui
1147 1391 1217 1445 erat
1234 1382 1267 1444 in

162 1483 390 1566 inquisicione‚
420 1494 455 1548 et
489 1486 589 1548 ceteri
621 1486 896 1567 acquietauerunt
928 1486 1083 1550 Priorem.
1144 1486 1190 1550 Et
1220 1487 1267 1549 sic

162 1589 296 1652 recessit
319 1589 412 1653 Prior
434 1589 576 1673 quietus,
599 1590 687 1653 mala
710 1593 819 1673 gratia
842 1592 945 1673 ipsius
969 1592 1147 1655 iusticiarii.

256 1781 305 1856 36.
349 1775 402 1839 De
421 1777 566 1859 capcione
578 1777 697 1862 Jacobr'
715 1778 875 1861 capellani
894 1779 933 1842 de
964 1777 1180 1862 Wygenhalet

227 1916 307 1979 Post
329 1916 420 1998 pacis
441 1915 680 1979 formacionem
702 1916 894 1980 recordatus
915 1926 966 1980 est
989 1917 1083 1979 Prior
1103 1916 1266 1979 malorum
1282 1932 1431 2025 §331¹qu

160 2040 225 2101 que
248 2020 405 2083 sustinuit
427 2019 518 2103 apud
543 2019 754 2102 Wygenhale
781 2041 840 2103 per
860 2021 1025 2102 Jacobum
1046 2020 1267 2103 capellanum,
1279 2034 1381 2135 :eam

160 2124 221 2209 [et]
242 2125 442 2189 auctoritate
458 2124 583 2188 domini
603 2125 722 2207 Legati
738 2126 844 2189 traxit
859 2146 936 2189 eum
953 2126 986 2188 in
1003 2145 1138 2188 causam
1154 2144 1266 2187 coram
1277 2133 1417 2236 {mage

161 2229 273 2292 Priore
303 2230 345 2292 de
378 2228 573 2292 Huntedon.
622 2228 686 2291 lllo
716 2250 796 2293 uero
828 2230 859 2292 in
893 2228 1014 2292 iudicio
1044 2235 1267 2310 comparente,
1278 2233 1397 2326 3223?

160 2331 260 2395 finxit
290 2331 565 2414 appellacionem,
592 2342 626 2395 et
653 2332 846 2414 impetrauit
874 2331 1021 2414 judicem
1050 2331 1196 2394 Priorem
1224 2330 1266 2393 de
1279 2334 1332 2426 {²22²
1342 2334 1414 2427 ¹3„

160 2436 408 2517 Wyrmegeye’,
430 2446 464 2499 et
489 2435 568 2499 fecit
593 2436 739 2499 Priorem
759 2437 853 2500 citari
875 2438 918 2500 ad
943 2435 1212 2519 respondendum
1235 2436 1265 2499 ei
1279 2434 1401 2527 fflssffl·

160 2550 221 2604 etc
253 2540 287 2601 in
318 2539 459 2604 ecclesia
489 2541 703 2616 conuentuali
733 2542 777 2605 de
807 2542 1034 2623 Wyrmegeye
1064 2540 1107 2603 ad
1138 2549 1266 2605 certum

159 2645 258 2707 diem.
320 2642 437 2707 Sciens
472 2654 584 2707 autem
622 2645 715 2707 Prior
750 2643 861 2707 locum
894 2644 987 2707 illum
1017 2664 1090 2708 esse
1119 2643 1265 2706 vicinum

160 2748 308 2812 manerio
343 2746 470 2810 domini
501 2747 691 2831 W[illelmi]
724 2748 865 2811 Bardolf
891 2748 1003 2812 timuit
1034 2748 1100 2811 illic
1127 2748 1266 2831 litigare.

161 2851 298 2918 Studuit
321 2872 401 2935 ergo
423 2852 566 2935 qualiter
587 2863 702 2935 posset
725 2854 835 2916 locum
858 2853 951 2916 illum
972 2866 1070 2917 caute
1091 2851 1266 2929 declinare,

160 2956 316 3040 misitque
328 2956 502 3020 dominum
516 2957 679 3040 Algerum
692 2959 891 3021 canonicum
904 2967 1154 3040 procuratorem
1167 2977 1265 3021 suum

159 3060 200 3123 ad
222 3059 312 3124 diem
329 3058 406 3137 litis,
420 3072 455 3124 et
472 3060 676 3124 aduocatum
693 3082 796 3125 vnum
812 3082 887 3125 cum
904 3083 953 3139 eo,
969 3072 1004 3126 et
1019 3062 1192 3145 predocuit
1208 3082 1265 3125 eos

158 3166 243 3229 duas
263 3186 381 3228 causas
403 3165 605 3248 appellandi.
652 3166 697 3230 Et
717 3169 838 3230 eodem
855 3168 909 3231 die
925 3188 993 3251 quo
1008 3167 1133 3231 direxit
1148 3186 1205 3229 eos
1222 3166 1264 3230 ad

158 3271 248 3333 diem
260 3266 352 3346 litis',
363 3271 489 3335 direxit
500 3271 602 3334 alium
619 3273 817 3335 canonicum
833 3274 1008 3337 dominum
1020 3272 1208 3354 Johannem
1222 3272 1265 3335 de

160 3374 333 3440 Swaiham
349 3374 393 3439 ad
409 3377 534 3439 curiam
550 3376 678 3440 domini
696 3376 815 3459 Legati
831 3378 888 3459 qui
905 3387 985 3440 tunc
1000 3387 1071 3440 erat
1088 3375 1265 3452 Londonii,

159 3481 200 3542 ad
224 3480 472 3563 impetrandum
488 3500 587 3563 super
602 3480 701 3544 dictis
716 3479 1009 3563 appellacionibus.
1057 3481 1265 3562 Factumque

158 3594 209 3648 est
225 3584 316 3668 quod
333 3586 415 3668 ipsis
430 3586 679 3669 appellantibus
694 3606 715 3649 a
732 3587 844 3649 Priore
859 3586 902 3649 de
920 3586 1145 3667 Wyrmegeye
1160 3586 1194 3647 in
1210 3586 1265 3649 die

158 3690 226 3752 litis
241 3688 296 3753 ille
312 3689 398 3753 alius
417 3692 605 3766 canonicus,
621 3691 777 3755 dominus
796 3690 997 3773 J[ohannes]
1018 3691 1061 3754 de
1083 3689 1265 3767 Swasham,

158 3794 192 3857 in
209 3792 299 3857 curia
314 3792 416 3876 legati
432 3793 550 3857 habuit
567 3795 680 3857 literas
696 3814 773 3858 suas
790 3795 823 3857 in
840 3793 986 3857 crastino
1002 3795 1151 3877 signatas
1167 3815 1266 3877 super

158 3896 445 3981 appellacionibus
472 3899 638 3980 predictis,
661 3899 866 3981 veniensque
889 3898 981 3962 dorni
1005 3898 1208 3974 festinanter,
1231 3898 1264 3961 in

158 4002 278 4066 eodem
300 4001 367 4065 sere
388 4011 561 4066 momento
582 4001 674 4066 uenit
696 4001 853 4065 dominus
878 4001 1023 4084 Algerus
1048 4002 1091 4065 de
1115 4002 1265 4086 partibus

159 4107 390 4189 Wermegeye,
420 4106 563 4183 visisque
599 4106 702 4169 literis
737 4105 770 4169 in
803 4106 918 4171 debita
948 4108 1056 4171 forma
1085 4108 1264 4190 conceptis,

321 4231 331 4263 ¹
347 4233 403 4284 The
413 4232 551 4298 beginning
562 4234 591 4283 of
599 4234 648 4283 this
659 4243 727 4298 story
738 4233 790 4283 will
802 4235 834 4284 be
845 4233 922 4284 found
934 4236 960 4284 in
972 4234 1053 4301 Chap.
1066 4250 1105 4299 ³²·

321 4314 334 4347 ¹
349 4318 510 4383 Wormegay,
524 4334 541 4367 a
550 4318 630 4368 house
641 4318 671 4368 oi
677 4318 769 4368 Austin
780 4318 882 4369 Canons
894 4318 920 4367 iu
932 4318 1048 4369 Norfolk.

321 4397 332 4432 ⁸
348 4399 404 4451 'l'be
415 4400 474 4451 MS.
485 4409 583 4467 repente
593 4401 637 4453 the
647 4401 730 4451 words
740 4401 831 4451 eodem
842 4400 884 4451 die
895 4400 958 4451 aiter
967 4400 1026 4451 litis.
