3192 5067
133 324 208 424 vn]
580 321 796 396 Comberton
1168 338 1239 408 ²99

198 510 386 576 Willelmus
402 509 539 576 Godard
555 519 647 574 tenet
662 509 746 572 duas
762 527 856 572 acras
871 515 957 570 terre
972 505 1014 569 ad
1031 504 1240 568 voluntatem

135 615 267 692 Prioris,
282 624 317 680 et
331 614 441 679 reddit
457 614 534 678 inde
550 633 610 696 per
624 631 748 676 annum
765 610 807 693 .ij.
823 609 955 673 solidos.

198 720 397 786 Alexander
426 718 564 782 clericus
593 725 685 781 tenet
722 714 899 779 dimidiam
935 731 1045 776 acram
1083 722 1170 775 terre
1198 709 1242 773 ad

134 825 341 890 voluntatem
360 824 489 900 Prioris,
505 833 539 888 et
562 823 671 888 reddit
687 822 765 885 inde
781 841 841 904 per
855 838 981 883 annum
996 816 1063 899 .xij.
1080 816 1242 880 denarios.

201 930 338 1014 Agneta
353 927 463 993 Wake
474 937 567 992 tenet
577 925 749 1010 quoddam
761 923 912 988 clausum
924 931 958 986 et
969 941 1070 986 vnarn
1082 920 1243 985 selionem

135 1044 222 1100 terre
251 1036 293 1100 ad
324 1034 532 1098 voluntatem
565 1031 694 1108 Prioris,
723 1040 757 1094 et
788 1029 897 1094 reddit
928 1028 1006 1092 inde
1036 1048 1096 1110 per
1118 1043 1243 1090 annum

136 1139 178 1222 .ij.
200 1137 334 1203 solidos.

203 1243 333 1326 Symon
356 1241 529 1305 Bercarius
544 1248 637 1304 tenet
651 1237 735 1302 duas
751 1257 846 1302 acras
860 1247 947 1302 terre
961 1245 996 1300 et
1010 1234 1185 1301 dimidiam
1202 1234 1244 1296 ad

137 1347 346 1412 voluntatem
376 1343 505 1420 Primis,
529 1352 564 1407 et
586 1341 696 1406 reddit
726 1339 804 1404 inde
831 1359 890 1422 per
915 1359 1040 1404 annum
1071 1338 1245 1404 dimidiam

139 1471 294 1516 marcam.

206 1553 372 1619 Henricus
392 1553 435 1616 de
457 1551 591 1616 Brunne
606 1559 697 1614 tenet
713 1550 797 1614 duas
812 1569 906 1614 acras
921 1558 1007 1613 terre
1022 1558 1057 1613 et
1071 1547 1246 1612 dimidiam

139 1680 198 1743 per
213 1666 349 1732 cartam,
363 1664 399 1719 et
418 1655 528 1720 reddit
544 1654 622 1718 inde
637 1673 696 1737 per
710 1672 838 1718 annum
853 1652 906 1735 .iij.
921 1651 1047 1716 solidos
1063 1650 1120 1733 [ad
1137 1650 1246 1714 termi-

139 1781 220 1828 num
236 1759 328 1844 uite].
876 1756 1018 1822 Summa
1033 1753 1127 1836 .xxij.
1141 1755 1247 1819 solidi.

406 2095 452 2158 19.
498 2076 726 2160 [cumbertone
746 2073 988 2158 (Cmnberton).]

208 2229 268 2292 Isti
284 2237 362 2292 sunt
377 2227 479 2292 libere
494 2237 646 2292 tenentes
660 2227 779 2292 Prioris
791 2229 835 2292 de
851 2228 1053 2293 Bemewelle
1064 2228 1098 2290 in
1113 2226 1192 2291 villa
1206 2228 1250 2291 de

143 2351 369 2417 Cumbertone
381 2375 387 2414 :

209 2497 375 2562 Dominus
396 2494 566 2561 Galfridus
581 2496 624 2561 de
644 2496 811 2580 Burdeley
826 2506 918 2562 tenet
933 2518 1036 2563 vnum
1051 2497 1200 2562 clausum
1216 2504 1251 2561 et

143 2603 252 2666 reddit
268 2603 345 2666 inde
361 2621 419 2684 per
434 2621 559 2664 annum
575 2601 704 2684 .xxviij.
720 2603 882 2667 denarios.

207 2705 396 2770 Willelmus
412 2706 443 2769 le
459 2706 627 2787 Franceys
639 2715 732 2770 tenet
744 2726 866 2771 nouem
882 2727 976 2771 acras
992 2717 1077 2772 terre
1092 2715 1127 2771 et
1142 2705 1251 2770 reddit

210 2912 320 2976 Alicia
345 2911 412 2976 filia
439 2911 592 2976 Nicholai
620 2914 662 2976 ad
688 2910 873 2977 Ecclesiam
896 2922 988 2977 tenet
1011 2932 1111 2976 vnam
1134 2912 1251 2976 rodam

144 3028 229 3082 terre
251 3026 286 3081 et
309 3016 418 3081 reddit
442 3017 521 3080 inde
543 3036 602 3099 per
624 3037 749 3081 annum
773 3017 825 3100 .vj.
848 3017 1010 3082 denarios.
1265 3015 1282 3064 s·
1299 3016 1368 3065 ¹⁶8b

207 3121 380 3205 Johannes
402 3121 556 3204 Lambyn
581 3130 672 3187 tenet
687 3142 790 3186 vnum
813 3121 963 3187 clausum
986 3133 1020 3187 et
1043 3123 1153 3189 reddit
1175 3123 1253 3187 inde

146 3247 204 3310 per
226 3244 350 3290 annum
374 3223 443 3306 .xij.
467 3224 630 3288 denarios.

212 3330 410 3394 Lambertus
434 3327 465 3392 le
489 3329 641 3412 Coupere
664 3339 756 3394 tenet
779 3351 882 3396 vnum
906 3331 1065 3410 clausum,
1087 3341 1121 3396 et
1144 3331 1253 3397 reddit

146 3435 224 3499 inde
246 3454 305 3517 per
327 3453 453 3499 annum
476 3432 557 3514 .xiij.
579 3433 742 3498 denarios.

212 3539 378 3604 Dominus
401 3538 541 3602 vicarius
565 3547 657 3602 tenet
679 3559 781 3603 vnum
805 3538 965 3618 clausum,
987 3549 1021 3605 et
1043 3539 1154 3606 reddit
1176 3541 1255 3606 inde

147 3665 205 3730 per
227 3663 353 3708 annum
377 3645 602 3728 receptoribus
625 3643 654 3726 .j.
679 3664 834 3709 marcam.

211 3747 382 3831 Johannes
402 3749 445 3812 ad
468 3747 653 3812 Ecclesiam
676 3755 768 3811 tenet
789 3747 964 3812 dimidiam
979 3750 1142 3832 virgatam
1159 3758 1254 3824 terre,

147 3863 180 3918 et
198 3853 305 3917 reddit
321 3853 398 3915 inde
413 3872 473 3935 per
487 3873 613 3915 annum
630 3850 681 3932 .vj.
697 3850 822 3914 solidos
838 3863 872 3916 et
887 3853 936 3935 .vj.
954 3853 1114 3917 denarios.

213 3957 383 4038 Johannes
400 3957 513 4040 Roger
528 3965 620 4020 tenet
631 3976 732 4019 vnam
749 3976 860 4020 acram
875 3968 911 4021 et
925 3956 1100 4023 dimidiam
1116 3969 1211 4036 terre,
1221 3969 1256 4024 et

150 4062 260 4126 reddit
290 4061 368 4125 inde
392 4082 450 4144 per
477 4082 603 4126 annum
634 4061 686 4142 .iij.
718 4062 853 4138 solidos,
882 4071 916 4125 et
943 4082 1042 4126 vnam
1075 4066 1255 4147 precariam

151 4169 183 4231 in
206 4175 394 4248 autumpno
416 4165 458 4231 de
481 4166 612 4230 duobus
634 4165 827 4229 hominibus
851 4167 893 4230 ad
925 4167 1036 4230 cibum
1061 4168 1197 4246 domini,
1223 4181 1257 4235 et

149 4275 234 4338 duos
257 4291 402 4354 capones
425 4272 468 4334 ad
494 4271 616 4336 Nataie
641 4271 787 4334 Domini.

216 4372 423 4458 Reginaldus
462 4376 552 4458 Pope
589 4384 681 4440 tenet
718 4395 821 4438 vnum
859 4375 1008 4439 clausum
1045 4397 1121 4442 cum
1152 4379 1258 4446 crofta
