3192 5067
357 374 404 466 38
636 372 751 471 Pycot
776 374 857 446 and
878 373 938 447 his
964 375 1051 472 wife
1077 376 1185 449 build
1339 374 1460 475 [soors

360 626 383 672 1.
438 608 522 674 Vera
551 609 701 673 narratio
728 610 768 673 dc
792 609 908 692 prima
933 610 1134 691 fundacione
1166 609 1389 674 canonicorum
1422 608 1461 672 de

442 712 643 789 Bernewclle‚
672 723 704 777 et
730 713 769 777 dc
797 712 916 795 Pycoto
946 712 1123 777 ur'cecomite
1151 712 1211 797 qui
1228 712 1308 796 suit
1327 713 1460 795 primus

442 838 552 881 eorum
564 816 737 899 findatur.

193 993 315 1085 opem
423 972 600 1057 Regnante
622 972 741 1037 illustri
764 992 842 1055 rege
867 972 1056 1056 Anglorum
1081 973 1252 1037 Willelmo
1275 974 1406 1057 primo¹‚
1425 973 1458 1037 id

192 1056 307 1187 {iffa
320 1144 341 1186 L
356 1085 407 1140 est
422 1076 593 1140 Willelmo
610 1076 760 1153 Bastard,
773 1076 887 1140 extitit
902 1076 1038 1159 quidam
1059 1078 1109 1139 uir
1125 1076 1244 1140 nobilis
1261 1077 1293 1139 in
1310 1075 1459 1159 partibus

192 1196 314 1288 anconem
356 1180 570 1263 Cantebrigie
595 1182 639 1245 de
667 1190 769 1263 gente
798 1190 832 1244 et
862 1200 983 1263 genere
1015 1180 1286 1245 Normannorum
1315 1181 1459 1263 Pycotus

192 1297 290 1388 Qun-⁸
357 1286 500 1361 nomine,
516 1286 701 1349 vicecomes
721 1284 930 1367 cognomine,
947 1286 994 1348 ita
1008 1286 1263 1369 cognominatus
1279 1286 1357 1369 quia
1374 1286 1459 1348 uice·

192 1347 278 1448 mli?
356 1389 488 1453 comitis
503 1388 613 1453 officio
626 1390 658 1452 in
672 1389 735 1453 illis
747 1390 897 1471 partibus
910 1389 1117 1473 fungebatur,
1129 1402 1163 1456 et
1180 1392 1265 1455 inter
1279 1392 1459 1474 optimates

356 1493 448 1576 regni
464 1514 525 1577 pro
540 1494 662 1558 comite
673 1493 867 1559 habebatur.
907 1495 1113 1560 Memoratus
1126 1516 1270 1579 namque
1283 1516 1342 1560 rex
1355 1515 1459 1579 quan·

357 1597 435 1661 dam
456 1598 629 1663 baroniam
650 1598 684 1662 in
706 1598 877 1681 prouincia
893 1598 1115 1683 Cantebregie
1130 1602 1211 1666 dum
1229 1603 1357 1686 integra
1372 1612 1459 1665 esset

356 1702 437 1766 satis
459 1702 653 1786 opulentam
677 1703 724 1767 illi
748 1704 945 1782 contulerat,
966 1714 1000 1769 et
1024 1705 1099 1769 altis
1124 1705 1199 1788 alijs
1221 1704 1402 1769 honoribus
1426 1714 1459 1768 et

355 1806 484 1889 opibus,
508 1818 545 1870 ut
571 1806 657 1871 bene
681 1806 802 1890 dignus
826 1818 904 1885 erat,
927 1828 986 1891 per
1009 1808 1141 1873 diuersa
1167 1810 1259 1893 regni
1284 1809 1356 1873 loca
1382 1828 1457 1872 eum

354 1910 436 1973 satis
458 1909 632 1974 ditauerat

510 2119 539 2167 2.
583 2102 635 2166 De
657 2100 830 2187 Hugolina
852 2124 949 2167 rmore
970 2102 1086 2185 Pycoti
1105 2102 1304 2169 vrbaomitrk.

191 2272 318 2376 {mine
420 2256 576 2322 Duxerat
610 2268 722 2323 autem
759 2258 811 2321 uir
847 2258 909 2321 iste
940 2278 1080 2322 uxorem
1110 2260 1292 2341 quamdam
1325 2258 1459 2323 nomine

190 2374 310 2467 3335pr
325 2437 341 2467 ι
357 2362 575 2445 Hugolynam
597 2382 718 2445 genere
738 2362 875 2444 quidem
896 2362 1030 2438 claram,
1053 2362 1112 2425 sed
1136 2360 1202 2426 fide
1225 2373 1260 2426 et
1282 2363 1458 2426 sanctitate

190 2476 339 2568 magre-
355 2467 461 2531 multo
483 2467 663 2531 clariorem.
711 2466 785 2529 Hec
809 2486 888 2530 uero
913 2467 1068 2549 quamuis
1092 2467 1136 2531 ab
1159 2468 1255 2531 annis
1278 2467 1458 2550 puerilibus

191 2576 306 2619 ΝΜ·
354 2573 453 2636 deum
479 2581 513 2636 et
536 2580 670 2635 sanctos
694 2570 765 2633 eius
789 2580 863 2635 tota
889 2572 1010 2635 mentis
1037 2572 1244 2636 scinceritate
1267 2571 1459 2645 excoluerit,

354 2686 467 2741 tamen
491 2675 626 2739 beatum
646 2674 806 2757 Egidium
830 2686 1003 2759 tamquam
1026 2686 1204 2759 patronum
1226 2676 1403 2759 specialem
1425 2686 1459 2740 et

354 2781 387 2845 in
403 2778 686 2863 oportunitatibus
707 2778 800 2860 pium
822 2779 1008 2844 adiutorem
1027 2779 1187 2844 deuocius
1202 2790 1236 2843 et
1252 2780 1459 2845 amicabilius

354 2885 620 2969 amplexabatur,
633 2884 665 2947 in
678 2884 732 2947 die
747 2883 1005 2966 sollempnitatis
1017 2884 1087 2949 eius
1103 2904 1266 2967 pauperes
1283 2882 1459 2949 reficiendo

353 2994 387 3050 et
409 2984 475 3049 alia
498 2985 633 3068 pietatis
658 3004 698 3049 ac
720 2983 913 3049 deuocionis
938 2984 1100 3066 obsequia
1122 2983 1303 3048 studiosius
1331 2984 1458 3068 impen-

352 3090 474 3154 dendo.

249 3302 268 3354 t.
283 3305 338 3356 nb
509 3310 537 3376 3.
581 3292 633 3357 Dc
653 3292 839 3376 egritudine
858 3303 890 3357 ct
910 3302 981 3357 voto
1005 3292 1107 3375 ipsiu
1128 3293 1302 3378 Hugoline.

188 3444 339 3538 ffissifss‘gw
418 3448 587 3512 Defuncto
607 3458 720 3513 autem
741 3468 819 3531 rege
842 3448 1034 3531 supradicto
1054 3456 1088 3511 et
1112 3458 1272 3531 regnante
1287 3448 1459 3513 Willelmo

187 3545 521 3638 {flssfflggsecundot
542 3555 668 3618 scilicet
687 3554 858 3618 Willelmo
879 3552 981 3618 Rufio
1004 3552 1072 3617 filio
1093 3554 1172 3630 eius,
1192 3574 1253 3637 pro
1273 3574 1322 3631 e0,
1337 3554 1459 3618 accidit

187 3647 338 3739 {amm
351 3659 476 3723 dictam
504 3659 710 3742 Hugolinam
740 3680 879 3723 uxorem
904 3658 1043 3743 predicti
1070 3659 1130 3722 uiri
1154 3667 1249 3723 tanta
1271 3658 1458 3742 egritudine

187 3744 305 3849 ξὲἰίξῗοξ.
351 3764 440 3848 apud
458 3762 707 3846 Cantebrigiam
724 3763 873 3841 detineri,
888 3764 978 3847 quod
1000 3764 1085 3846 regis
1101 3764 1217 3847 phisici
1233 3772 1267 3827 et
1283 3762 1338 3847 alij
1355 3782 1456 3847 quam

187 3846 320 3939 issflfflf
351 3867 462 3950 plures
483 3867 515 3929 in
537 3876 608 3929 arte
629 3864 756 3947 phisica
776 3867 967 3949 peritissimi
983 3867 1026 3930 ad
1049 3886 1123 3929 eam
1139 3866 1289 3930 accersiti
1306 3886 1380 3929 eam
1397 3885 1458 3948 pro

187 3946 326 4039 iiiiii&
351 3970 527 4053 desperata
554 3969 715 4033 habentes
740 3968 938 4041 desererent,
965 3977 999 4032 et
1026 3970 1058 4031 in
1082 3969 1239 4050 proximo
1262 3970 1457 4032 morituram

186 4047 338 4090 miraculosis
718 4072 725 4087 .
861 4074 868 4088 .
1083 4073 1090 4086 .

186 4110 311 4150 recovery.
350 4085 542 4138 assererent
603 4072 688 4137 Cum
716 4084 829 4155 rtaque
859 4094 932 4155 rpsa
964 4072 1136 4157 Hugolrna
1165 4072 1349 4137 humanum
1381 4073 1457 4137 sub-

349 4178 472 4243 sidium
488 4179 626 4242 omnino
640 4179 702 4243 sibi
720 4179 837 4242 deesse
855 4180 1080 4262 comperisset,
1095 4178 1245 4242 diuinum
1263 4177 1325 4241 sibi
1341 4178 1458 4241 adesse

556 4338 566 4370 ¹
583 4340 654 4405 King
664 4338 694 4389 oi
703 4340 830 4405 England.
843 4355 873 4404 25
886 4339 950 4390 Dec.
965 4337 1076 4406 ποῶ-9
1089 4338 1159 4405 Sept.
1174 4341 1243 4404 ¹⁰⁸⁷·
1334 4329 1337 4335 ’

554 4420 566 4453 ²
582 4422 651 4488 King
662 4422 692 4472 of
701 4423 828 4488 England,
842 4422 873 4473 26
885 4422 956 4488 sept.
971 4424 1081 4487 1087-a
1094 4423 1162 4487 Aug.
1178 4438 1248 4473 1100.
