3192 5067
355 273 425 344 288
668 270 833 342 Terrenis
862 270 903 342 in
932 268 1154 365 Cambridge
1347 265 1476 364 [BOOK

350 460 428 536 chri,
454 469 488 524 et
510 479 612 525 vnum
637 461 844 543 mesuagium
868 479 914 524 ex
940 459 1098 543 opposito
1123 458 1282 523 Fratmm
1308 455 1474 520 Predioe·

350 573 460 628 torum
476 572 513 627 et·
525 563 670 627 reddunt
685 562 764 627 inde
778 583 979 646 perannum
995 563 1100 629 ‚xix.s.

416 667 582 732 Cristiana
605 667 715 732 Lucas
738 677 831 733 tenet
850 687 951 733 vnam
974 687 1086 732 acram
1108 676 1196 732 terre
1220 665 1254 729 in
1277 664 1410 729 eroftis
1433 665 1476 726 de
1575 668 1577 671 ’

352 771 556 836 Newenham
580 780 614 836 et
636 771 747 835 reddit
769 792 977 856 perannum
1002 772 1137 855 ‚xviij.d.

418 877 526 940 Heres
550 874 709 940 Willelmi
733 877 880 942 Wombe
904 887 998 942 tenet
1023 878 1108 942 duas
1134 896 1227 940 acras
1250 885 1340 939 terre
1368 876 1476 938 iuxta

352 981 549 1046 Grenecroit
569 989 604 1046 et
627 981 737 1045 reddit
760 1003 819 1066 per
840 1003 965 1047 annum
989 983 1056 1066 .ijs.

1054 1086 1212 1170 [Summa
1226 1083 1353 1166 ‚xxxjf
1369 1081 1477 1167 viijfl]

615 1383 643 1446 8.
689 1380 853 1446 Paroreia
877 1380 995 1446 Sancti
1019 1379 1190 1444 Benedicti.

413 1562 585 1645 johannes
603 1561 770 1644 Humfrey
781 1572 876 1629 tenet
887 1582 989 1626 vnum
1007 1561 1216 1644 mesuagium
1228 1561 1326 1625 iuxta
1340 1561 1472 1627 Lorte-

349 1665 454 1729 burne
470 1666 545 1730 lane
560 1676 594 1731 et
610 1664 719 1731 reddit
735 1686 794 1749 per
809 1686 935 1730 annum
950 1687 1045 1730 ,xxm

416 1770 583 1835 Robertus
617 1771 660 1835 de
696 1771 882 1854 Bitteringe
915 1779 1009 1835 tenet
1038 1790 1141 1833 vnum
1176 1770 1391 1852 mesuagium
1433 1773 1469 1834 in

352 1875 558 1939 Lortebume
581 1875 656 1939 lane
681 1883 714 1940 et
738 1874 849 1940 reddit
873 1875 950 1939 inde
975 1894 1034 1958 per
1060 1894 1186 1938 anuum
1211 1874 1344 1956 .xviij.d.

418 1978 511 2044 Idem
530 1979 696 2043 Robertus
712 1989 804 2044 tenet
820 1999 921 2043 vnum
939 1979 1148 2060 mesuagium
1169 1986 1267 2043 extra
1283 1989 1405 2062 portas
1420 1982 1470 2045 de

350 2083 581 2169 Trumpitone,
595 2090 630 2148 et
645 2082 755 2147 reddit
771 2084 856 2148 .ix.d.

417 2186 604 2251 Willelmus
622 2186 735 2268 Holay
753 2196 845 2250 tenet
860 2206 963 2250 vnum
979 2185 1188 2268 mesuagium
1205 2184 1347 2248 indicta
1362 2207 1467 2268 pare

350 2291 425 2355 chia
455 2293 551 2355 iuxta
581 2291 788 2374 mesuagium
820 2290 979 2374 Symonis
1010 2289 1168 2374 Sephare,
1198 2299 1233 2354 et
1262 2290 1373 2354 reddit
1403 2314 1468 2375 per

350 2415 476 2460 annum
500 2394 577 2476 ‚rije

417 2499 547 2582 Symon
584 2499 733 2583 Sephare
767 2508 861 2564 tenet
890 2520 993 2564 vnum
1032 2499 1239 2581 mesuagium
1273 2499 1307 2564 in
1337 2503 1464 2568 eadem

352 2602 508 2688 parochia
531 2603 629 2669 iuxta
654 2605 862 2687 mesuagium
887 2604 968 2668 dicti
991 2603 1160 2681 Willelmi,
1183 2612 1217 2668 et
1241 2605 1352 2669 reddit
1375 2608 1464 2690 .de

1089 2705 1247 2789 [Summa
1262 2706 1359 2788 ‚xxj.'
1374 2707 1466 2793 .ix.‘¹]

621 3017 650 3083 9.
695 3000 859 3065 Paraclu'a
884 2999 1003 3066 Sancti
1022 3001 1184 3086 Botulphi.

418 3180 471 3244 De
486 3181 607 3244 vicario
623 3181 759 3246 ecclesie
775 3181 892 3247 Sancti
909 3181 1069 3266 Botulphi
1085 3181 1149 3264 iiij.
1166 3201 1303 3246 marcas.

417 3284 608 3366 Margareta
635 3285 666 3348 le
693 3285 792 3349 Grele
822 3296 915 3351 tenet
938 3306 1041 3349 vnum
1072 3287 1280 3368 mesuagium
1304 3285 1338 3348 in
1365 3286 1462 3351 dicta

351 3387 508 3470 parochia
529 3388 626 3453 iuxta
647 3390 854 3470 mesuagium
879 3390 1034 3473 Hugonis
1056 3389 1099 3454 de
1121 3389 1277 3464 Becham,
1291 3399 1326 3454 et
1346 3390 1460 3455 reddit

351 3492 449 3574 .xij.d.
472 3502 506 3559 et
529 3493 569 3576 .ij.
592 3513 746 3577 capones.

419 3596 522 3680 Hugo
547 3597 590 3661 de
618 3598 763 3662 Becham
790 3607 883 3662 tenet
909 3619 1010 3662 vnum
1039 3599 1246 3682 mesuagium
1277 3598 1310 3661 in
1336 3599 1459 3664 eadem

352 3701 508 3784 parochia
530 3703 626 3766 iuxta
650 3702 857 3784 mesuagium
879 3702 967 3769 dicte
989 3703 1187 3785 Margarete,
1209 3713 1243 3766 et
1266 3702 1375 3767 reddit
1399 3724 1462 3786 per

352 3826 477 3870 annum
500 3806 599 3889 .xij.d.
622 3817 656 3870 et
679 3807 718 3889 .ij.
743 3827 895 3889 capones.

418 3907 524 3973 Elena
539 3909 742 3991 Scherwynd
764 3919 856 3974 tenet
870 3929 970 3974 vnam
992 3909 1175 3994 schoppam
1198 3910 1231 3973 iu
1247 3909 1319 3973 soro
1335 3910 1461 3976 Cante-
1575 3984 1576 3987 Ἴ

350 4014 457 4098 brigie
470 4015 525 4078 vbi
542 4015 691 4079 vendunt
707 4016 829 4078 lineam
845 4015 957 4091 telam,
973 4022 1007 4078 et
1027 4014 1135 4079 reddit
1150 4015 1224 4078 .x.d.

417 4119 669 4184 Bartholomeus
681 4119 846 4204 Cogging¹
856 4129 948 4184 tenet
958 4119 1013 4184 .ix.
1023 4141 1116 4184 acras
1125 4129 1212 4184 terre
1220 4119 1263 4184 ad
1276 4120 1458 4185 terminum

350 4224 418 4289 vite
435 4222 551 4288 Maddi
567 4224 609 4288 de
626 4223 793 4300 Balsham,
808 4234 842 4288 et
858 4223 967 4289 reddit
982 4223 1096 4305 ‚xiiijm

797 4349 807 4383 ¹
824 4353 928 4418 θοαῖς,
940 4351 999 4404 us.
