3192 5067
151 283 206 382 tv]
429 284 490 357 the
515 286 658 358 sez'zure
682 285 731 382 os
749 285 810 358 tle
834 284 979 382 Priory
1183 309 1253 378 233

148 472 259 534 nensis
284 472 462 554 episcopus
486 481 565 537 ωηο
596 472 725 538 domini
752 472 839 555 regis
869 472 1094 536 thesaurarius
1125 471 1252 536 nullum

148 586 334 658 respectum
352 575 457 640 iacere
474 575 590 641 uolens
611 577 771 660 episcopo
788 577 926 660 Elyensi
943 587 978 642 at
994 587 1162 654 terrorem,
1178 576 1254 640 lecit
1292 601 1303 618 ·

147 681 252 744 saisiri
268 681 300 744 in
318 701 437 746 manus
454 682 557 764 Regis
574 692 682 746 totum
699 682 884 764 prioratum
900 682 943 746 de
960 680 1161 768 Bernewelle
1176 701 1252 744 cum

147 785 303 849 omnibus
319 785 363 849 ad
384 806 460 850 eum
482 785 734 868 pertinentibus.
780 785 879 851 Vnde
899 785 1056 850 dominus
1078 785 1254 867 episcopus

149 888 313 970 Elyensis,
328 889 420 955 tedio
442 889 590 967 affectus,
606 890 697 955 misit
718 890 895 972 pecuniam
918 890 961 954 ad
978 890 1179 953 scaccarium
1196 909 1255 972 per

149 1012 284 1057 manum
319 993 446 1057 domini
476 993 641 1074 Johannis
670 993 834 1076 capellani
864 995 915 1057 sui
946 1002 1026 1057 tunc
1055 993 1182 1056 vicarii¹
1211 992 1254 1057 de

148 1099 366 1184 Tyringtone,
406 1110 441 1164 vt
480 1099 634 1164 liberaret
670 1100 818 1182 seipsum
857 1100 968 1182 quoad
1008 1098 1183 1176 decimam,
1220 1109 1255 1162 et

147 1202 321 1269 dominum
364 1203 549 1268 Robertum
588 1202 630 1282 de
670 1203 844 1268 Hokitone
881 1197 1078 1268 'canonicum
1116 1224 1177 1286 pro
1213 1223 1254 1266 eo

147 1320 339 1386 arestatum,
354 1319 388 1374 et
404 1310 585 1393 prioratum
602 1307 645 1372 de
663 1308 864 1373 Bernewelle
879 1307 922 1371 ad
940 1327 1058 1370 manus
1075 1307 1178 1390 Regis
1194 1329 1254 1390 pro

147 1433 208 1477 suo
249 1413 380 1478 delectu
425 1414 597 1495 saysitum.
658 1414 704 1477 Et
742 1423 822 1476 tunc
860 1413 968 1495 primo
1006 1411 1123 1476 habuit
1162 1413 1255 1475 Prior

148 1520 411 1602 acquietanciam
433 1521 476 1582 de
496 1521 663 1583 scaccario
685 1540 746 1602 per
766 1520 911 1583 litteram
933 1526 1106 1600 patentem
1125 1518 1253 1581 domini

150 1625 252 1705 Regis
267 1623 378 1705 sigillo
395 1624 489 1688 uiridi
511 1625 687 1706 signatam,
710 1624 742 1687 in
765 1623 872 1688 lorma
893 1624 1043 1705 superius
1059 1622 1198 1704 scripta²
1212 1621 1254 1685 de

149 1728 250 1792 uerbo
279 1729 322 1791 ad
351 1728 498 1793 uerbum.
546 1730 665 1794 Postea
696 1729 816 1812 petiuit
846 1729 1023 1811 episcopus
1056 1727 1210 1811 Elyensis
1234 1749 1254 1790 a

150 1832 260 1896 Priore
304 1843 338 1896 et
382 1841 549 1897 conuentu
588 1833 630 1896 de
676 1832 888 1908 Bernewelle,
926 1841 1087 1914 tanquam
1125 1833 1254 1897 decime

147 1935 388 2014 collectoribus,
419 1936 546 2001 litteras
577 1938 805 2019 acquietancie
833 1936 896 2000 sub
918 1936 1028 2018 sigillo
1050 1936 1187 2019 capituli
1212 1938 1254 2000 de

148 2044 316 2107 sexcentis
338 2042 438 2106 libris.
484 2043 530 2107 Et
552 2042 707 2124 quamuis
729 2043 875 2125 sigillum
896 2042 1033 2125 capituli
1049 2044 1091 2106 ad
1113 2041 1252 2105 aliorum

147 2147 352 2211 soluencium
391 2147 637 2230 acquietancias
667 2147 792 2229 apponi
831 2167 898 2210 non
936 2147 1030 2222 solet,
1060 2166 1102 2209 ne
1140 2157 1252 2210 tamen
1267 2160 1351 2226 ts9b

147 2251 371 2316 offenderetur
397 2251 575 2335 episcopus·
599 2250 688 2314 sacta
712 2249 774 2313 luit
797 2251 827 2314 ei
850 2250 1082 2332 acquietancia
1104 2248 1167 2312 sub
1190 2250 1252 2313 hac

148 2355 262 2420 forma.

285 2607 336 2672 47.
381 2590 611 2674 Acquietancia
624 2591 720 2670 facta
742 2588 872 2652 dornino
893 2589 1030 2673 episcopo
1051 2591 1111 2654 sub

558 2695 667 2778 sigillo
692 2693 844 2777 Capituli.

202 2845 228 2898 N
231 2843 340 2899 ouerint
353 2843 474 2899 uniuersi
488 2843 563 2914 quod
578 2860 629 2897 nos
644 2845 750 2911 Symon
766 2843 845 2896 Prior
854 2842 889 2896 de
904 2844 1074 2898 Bernewelle
1086 2855 1114 2899 et
1126 2844 1251 2900 eiusdem
1268 2855 1341 2895 form
1356 2853 1383 2895 or

147 2935 199 2988 loci
214 2943 370 2988 conuentus
383 2933 539 3004 recepimus
553 2949 570 2986 a
583 2931 735 2987 uenerabili
750 2941 830 3000 patre
842 2941 939 2985 nostro
956 2931 1073 2987 domino
1086 2931 1253 3005 W[illelnto]
1265 2905 1408 3006 ieciffi'm

147 3022 192 3076 dei
205 3021 302 3091 gracia
314 3021 447 3090 episcopo
459 3021 583 3090 Elyensi,
594 3021 707 3074 nomine
721 3019 831 3076 decime
840 3021 979 3075 bonorum
988 3038 1103 3076 suorum
1113 3036 1250 3093 tempora·
1265 3010 1360 3106 ῗῇξζξζ
1373 3005 1416 3046 ¹¹²⁶

146 3111 214 3162 lium
233 3109 269 3163 ad
286 3108 480 3180 episcopatum
497 3125 579 3162 suum
595 3107 798 3176 pertinencium
824 3107 941 3163 domino
963 3108 1032 3176 Regi
1049 3111 1077 3164 in
1095 3110 1251 3165 subsidium
1264 3105 1362 3207 πῖ·

147 3209 219 3252 terre
232 3206 329 3252 sancte
346 3197 383 3251 ad
400 3213 449 3250 sex
465 3212 556 3250 annos
573 3211 717 3260 concesse,
731 3206 879 3250 sexcentas
891 3195 978 3250 libras
991 3197 1187 3266 sterlingorum
1201 3217 1252 3270 pro

146 3285 235 3340 tribus
253 3285 351 3354 primis
367 3285 451 3339 annis
470 3285 594 3354 integris,
613 3283 743 3338 videlicet
762 3301 813 3354 per
830 3301 933 3340 manus
951 3285 1059 3340 domini
1079 3287 1197 3344 Gallridi
1216 3290 1252 3346 de

147 3377 290 3444 Sybeseye
309 3375 454 3444 sexaginta
472 3373 628 3429 octodecim
642 3373 737 3440 libras,
751 3383 808 3428 tres
821 3373 927 3429 solidos
940 3376 1064 3446 quinque
1080 3377 1212 3433 denarios
1224 3389 1253 3433 et

146 3464 269 3530 obolum,
294 3473 322 3516 et
346 3479 396 3532 per
422 3478 522 3516 manus
550 3461 659 3515 domini
687 3460 827 3532 Johannis
856 3461 994 3532 capellani
1024 3465 1067 3518 sui
1096 3464 1191 3536 vicarij
1217 3467 1252 3520 de

146 3553 320 3622 Tyringtone
345 3550 513 3619 quingentas
538 3548 635 3618 viginti
666 3567 749 3604 vnam
782 3549 869 3603 libras
898 3550 1040 3606 sexdecim
1069 3553 1175 3607 solidos
1203 3573 1252 3608 sex

146 3641 277 3696 denarios
301 3650 329 3694 et
353 3655 440 3692 vnum
468 3639 590 3693 obolum.
641 3639 734 3706 Quam
762 3637 877 3706 quidem
902 3637 1051 3708 pecuniam
1080 3639 1253 3709 integraliter

146 3729 331 3800 persoluimus
350 3726 386 3781 ad
402 3727 574 3781 scaccarium
590 3725 696 3780 domini
717 3725 804 3794 Regis
820 3725 947 3796 predicto
965 3725 1081 3781 domino
1099 3725 1254 3800 J[ohanne]

145 3816 293 3886 capellano
312 3825 377 3869 tunc
395 3813 500 3869 ibidem
519 3823 659 3884 presente,
671 3824 699 3869 et
716 3813 832 3869 nomine
848 3813 957 3868 domini
972 3815 1015 3869 sui
1032 3816 1158 3886 episcopi
1170 3818 1251 3872 liber·

146 3905 274 3959 acionem
288 3913 414 3956 nostram
426 3901 563 3957 instanter
575 3911 750 3974 procurante

201 3991 233 4044 ln
247 3990 326 4046 cuius
340 3988 378 4043 rei
392 3987 585 4044 testimonium
598 3989 721 4060 presenti
735 3987 840 4058 scripto
852 3986 974 4058 sigillum
987 3990 1101 4060 capituli
1112 3991 1198 4046 nostri
1209 4004 1253 4048 est

145 4093 310 4150 appensum.
350 4077 455 4130 Datum
469 4077 496 4130 in
511 4077 634 4146 capitulo
647 4087 743 4130 nostro
756 4075 791 4130 de
808 4076 977 4130 Bernewelle
990 4076 1036 4130 die
1050 4078 1167 4134 Sabbati
1180 4079 1253 4134 inira

145 4166 262 4220 octabas
275 4165 481 4234 assumpcionis
494 4165 576 4221 beate
596 4165 695 4230 Marie,
708 4181 783 4219 anno
796 4163 904 4218 domini
922 4174 979 4218 .m⁰.
993 4173 1053 4220 .cc⁰.
1067 4167 1253 4237 nonogesimo

146 4263 254 4326 quarto.

307 4366 316 4398 ¹
334 4367 448 4426 vicarius.
462 4368 520 4418 MS.
734 4365 745 4396 ²
761 4366 810 4416 See
822 4367 911 4424 above,
924 4367 1035 4433 Chapter
1046 4387 1086 4431 44.
