3192 5067
160 340 222 440 111]
413 345 451 416 T
446 344 490 418 hc
513 345 610 419 land
630 346 677 443 os
701 346 861 422 Thomas
892 347 930 418 T
926 348 1026 445 uylel
1201 368 1265 442 117

161 538 278 611 petens
313 539 351 594 ut
386 529 455 594 filio
492 539 526 594 et
562 530 674 595 heredi
710 541 745 596 et
778 534 870 616 quod
906 534 973 598 tale
1009 534 1051 599 sit
1088 535 1138 599 ius
1171 555 1269 599 suum

160 631 267 709 offert,
289 643 350 697 etc.

227 737 274 800 Et
296 736 388 801 Prior
408 738 500 802 uenit
520 747 553 802 et
575 737 757 803 defendit
748 761 799 803 rus
823 760 920 804 suum
937 750 971 805 et
990 742 1126 824 quando
1149 752 1210 809 ete.
1234 753 1269 807 et
1283 766 1335 809 cn
1342 767 1398 808 eno
1399 766 1433 807 r·-

159 840 242 905 dieit
270 842 361 925 quod
393 844 561 924 predictus
593 844 759 908 Robertus
789 846 891 909 nichil
922 847 1067 910 clamare
1098 856 1208 929 potest
1235 848 1269 911 in
1283 817 1355 859 ἀίω
1324 828 1394 860 enm

160 946 318 1027 predictis
334 948 541 1011 tenementis.
588 947 680 1013 Dicit
700 950 790 1012 enim
813 949 903 1032 quod
925 951 1095 1031 predictus
1110 951 1269 1029 Thomas,

160 1050 203 1113 de
225 1050 319 1113 cuius
339 1052 507 1132 saysina'
497 1071 568 1134 ipse
591 1053 676 1134 petit
699 1053 849 1135 predicta
872 1063 1073 1131 tenementa,
1095 1075 1162 1119 non
1185 1055 1270 1138 obijt

161 1155 305 1236 seysitus
320 1155 364 1218 de
379 1155 505 1219 eisdem
527 1158 736 1232 tenementis
751 1157 830 1239 quia
846 1157 927 1221 dicit
948 1159 1038 1241 quod
1055 1179 1115 1241 per
1130 1159 1268 1242 longum

161 1267 296 1341 tempus
325 1270 404 1323 ante
433 1268 574 1323 mortem
602 1280 695 1324 suam
724 1258 876 1324 seoffauit
907 1261 1017 1344 ipsum
1049 1262 1195 1326 Priorem
1226 1263 1269 1327 de

162 1361 318 1443 predictis
341 1364 541 1427 tenementis
561 1373 596 1428 et
618 1363 793 1428 ecclesiam
816 1384 911 1427 suam
935 1363 978 1428 de
1002 1364 1212 1443 Bernewelle,
1235 1374 1269 1429 et

161 1465 270 1547 ipsum
303 1467 336 1529 in
370 1466 555 1549 plenariam
589 1488 771 1550 saysynam
802 1467 922 1551 posuit,
952 1477 987 1532 et
1016 1478 1143 1533 cartam
1173 1489 1267 1533 suam

161 1570 204 1633 de
242 1569 458 1636 seoffamento
495 1573 525 1635 ei
564 1573 641 1636 inde
684 1571 770 1649 lecit,
812 1593 913 1656 quam
956 1571 1090 1654 profert,
1129 1582 1163 1637 et
1204 1593 1269 1656 que

160 1683 303 1738 testatur
328 1676 419 1758 quod
446 1676 536 1739 idem
564 1676 714 1739 Thomas
740 1677 835 1740 dedit
863 1686 897 1740 et
923 1677 1088 1741 concessit
1118 1677 1269 1759 predicto

162 1779 266 1842 Priori
296 1789 331 1844 et
359 1780 497 1844 ecclesie
526 1802 586 1845 sue
616 1781 764 1864 predicte
794 1782 828 1845 in
860 1782 998 1845 liberam
1026 1790 1060 1845 et
1086 1802 1204 1864 puram
1234 1790 1269 1846 et

161 1894 357 1966 perpetuam
383 1886 600 1950 elemosinam
627 1888 660 1951 in
688 1898 897 1971 perpetuum,
924 1897 958 1951 et
985 1886 1076 1970 quod
1101 1887 1268 1970 predictus

161 1987 311 2054 Thomas
333 2000 368 2054 et
393 1992 532 2055 heredes
559 1994 609 2055 sui
633 1992 927 2075 warant[izabunt]
954 2001 1014 2056 etc.
1061 1992 1161 2055 Vnde
1187 1991 1269 2056 dicit

160 2093 252 2175 quod
288 2095 316 2157 si
351 2095 472 2178 aliquis
507 2095 592 2160 alius
628 2098 737 2179 ipsum
776 2097 998 2179 implacitaret
1032 2094 1075 2160 de
1111 2096 1269 2178 predictis
1281 2097 1298 2147 f·
1310 2097 1367 2163 431>

160 2201 370 2274 tenementis,
398 2202 567 2283 predictus
599 2202 768 2265 Robertus
793 2211 963 2267 teneretur
993 2202 1022 2265 ei
1052 2202 1269 2265 warantizare

160 2303 310 2385 predicta
332 2323 391 2385 per
412 2304 597 2387 predictam
620 2315 747 2369 cartam
770 2314 834 2369 etc.

432 2549 481 2610 28.
526 2544 579 2608 De
599 2543 785 2608 nominibus
807 2545 999 2611 iuratorum

228 2708 274 2772 Et
299 2710 466 2791 predictus
495 2708 662 2772 Robertus
687 2707 768 2771 dicit
792 2706 884 2790 quod
909 2709 1059 2789 predicta
1085 2716 1177 2771 carta
1202 2728 1268 2772 non
1284 2727 1319 2768 ao
1319 2726 1396 2817 pen·-

161 2812 263 2875 debet
290 2814 319 2876 ei
347 2833 474 2889 nocere,
500 2813 579 2895 quia
605 2812 687 2875 dicit
713 2810 803 2893 quod
834 2810 1113 2894 qualemcumque
1141 2776 1386 2875 cartamlillf‘*

162 2916 287 2999 profert
317 2916 379 2979 sub
414 2917 549 2979 nomine
584 2916 724 2999 predicti
755 2916 888 2979 Thome
923 2915 1056 2997 Tuylet,
1087 2915 1150 2980 fuit
1180 2917 1268 2981 idem

162 3020 312 3085 Thomas
348 3021 381 3083 in
418 3040 564 3102 saysyna
598 3019 640 3082 de
671 3018 822 3102 predicto
853 3028 1046 3082 tenemento
1080 3030 1158 3084 ante
1191 3040 1270 3084 con·

162 3125 339 3189 sectionem
371 3126 518 3208 predicte
548 3134 647 3201 carte,
673 3133 707 3188 et
737 3134 815 3206 post
844 3122 1087 3187 conlectionem
1118 3133 1208 3189 carte
1235 3126 1268 3189 in

160 3230 308 3315 plenaria
338 3250 486 3312 saysyna
514 3249 646 3311 semper
672 3238 706 3292 et
732 3237 810 3310 post
837 3237 871 3290 et
901 3226 978 3290 inde
1009 3226 1094 3308 obijt
1125 3230 1269 3309 seysitus

161 3345 199 3399 ut
214 3334 256 3398 de
273 3334 372 3398 feodo
380 3356 391 3411 ;-
410 3343 444 3397 et
459 3335 548 3417 quod
567 3334 613 3396 ita
628 3334 671 3397 sit
687 3334 783 3415 ponit
797 3352 833 3395 se
849 3351 949 3415 super
963 3333 1105 3415 patriam
1122 3341 1156 3396 et
1171 3352 1271 3415 super

160 3448 263 3503 testes
280 3440 470 3502 nominatos
492 3439 525 3501 in
542 3437 692 3520 predicta
707 3447 807 3501 carta.
855 3436 899 3499 Et
917 3436 992 3500 ideo
1008 3446 1202 3520 preceptum
1219 3448 1269 3502 est

161 3544 359 3608 Vicecomiti
374 3544 465 3625 quod
483 3543 595 3606 uenire
612 3541 736 3606 saciat
727 3563 760 3605 rn
776 3542 922 3605 crastino
938 3542 1124 3607 animarum
1142 3542 1268 3606 Willel-
1284 3570 1325 3611 n.
1326 3580 1404 3611 mno
1389 3567 1417 3609 r

164 3668 256 3712 mum
277 3648 320 3712 de
341 3647 463 3726 Stowe,
480 3648 649 3730 Rogerum
673 3648 716 3711 de
739 3646 869 3730 Wykes
893 3646 1055 3710 Maiorem
1079 3648 1121 3710 de
1146 3646 1267 3711 Cante·
1281 3620 1412 3713 lilim

161 3751 857 3835 brigiaRobertumdesanctoEadmundo
858 3750 1269 3833 ,EustachiumDunning,
1282 3722 1381 3764 ’Μ

163 3855 326 3920 Leonium
352 3857 524 3940 Dunning,
545 3856 751 3921 Willelmum
772 3857 862 3934 Tele,
884 3856 1073 3938 Johannem
1093 3855 1136 3919 de
1160 3856 1268 3933 Toste,

162 3969 264 4022 testes
287 3958 477 4023 nominatos
499 3967 569 4035 etc,
590 3969 624 4023 et
647 3968 758 4042 preter
779 3959 854 4023 illos
870 3960 935 4023 .xii.
959 3968 1030 4022 tam
1054 3958 1185 4033 milites,
1207 3967 1268 4022 etc.

162 4070 233 4125 tarn
254 4062 297 4124 de
318 4062 481 4126 forinseco
501 4082 602 4145 quam
625 4062 667 4126 de
687 4063 766 4126 villa
789 4063 1004 4145 Cantebrigie
1026 4063 1068 4125 ad
1095 4082 1268 4145 recognos-

162 4168 305 4231 cendum
331 4168 358 4230 si
383 4167 551 4250 predictus
579 4167 729 4231 Thomas
752 4189 834 4231 auus
858 4167 998 4250 predicti
1024 4167 1163 4230 Roberti
1186 4167 1269 4231 obiit

163 4274 308 4355 saysitus
332 4271 375 4337 de
396 4272 552 4355 predictis
575 4273 785 4347 tenementis,
802 4272 887 4335 sicut
910 4271 1078 4353 predictus
1102 4269 1270 4334 Robertus

163 4378 254 4452 dicit,
275 4376 327 4439 vel
351 4378 377 4439 si
402 4378 491 4440 idem
515 4376 664 4441 Thomas
688 4374 838 4440 leoffauit
858 4374 1043 4457 predictum
1067 4373 1212 4437 Priorem
1236 4384 1270 4438 et
