3192 5067
151 358 214 457 111]
364 362 548 459 deposiled
567 364 611 461 by
639 361 810 461 Geoffrey
835 364 878 435 de
904 364 1043 437 Banczs
1185 387 1255 454 149

150 556 184 610 et
209 546 422 613 Conuentum
449 551 542 614 citari
570 570 631 633 pro
653 551 771 615 eadem
795 551 937 633 pecunia
960 570 1072 613 coram
1096 548 1256 632 magistro
1268 558 1326 651 1¹35„
1320 558 1418 651 ἓξὲξ

151 650 355 734 Reymundo
377 655 420 717 de
444 654 599 738 Nogerijs
620 656 747 719 domini
770 658 859 738 Pape
880 655 1054 738 capellano
1075 676 1113 719 ac
1134 655 1256 717 nuncio
1268 665 1405 752 {⁰212le

149 757 239 837 apud
257 756 391 820 Nouum
406 758 596 841 Templum,
611 760 762 823 London.
804 760 921 842 Ibique
936 759 1005 823 lata
1020 768 1070 823 est
1086 760 1256 824 sentencia
1270 760 1378 852 mh·

150 858 327 923 diffinitiua
342 882 401 944 per
415 862 486 925 eius
502 864 767 927 commissarium
783 864 817 926 in
832 862 895 927 hec
911 863 1018 927 verba.

569 1020 685 1084 .xviii.
707 1019 830 1083 Marce.

201 1145 276 1199 Acta
296 1146 373 1215 apud
393 1163 497 1201 nouum
520 1148 672 1217 Templum
695 1146 815 1200 London
836 1146 964 1217 proximo
985 1146 1031 1199 die
1049 1143 1170 1214 juridico
1191 1156 1256 1215 post
1270 1146 1422 1189 noelntonot

149 1230 252 1287 festum
276 1233 352 1289 beati
374 1234 538 1291 Eadmundi
558 1234 788 1305 Archiepiscopi¹
810 1251 885 1288 anno
907 1232 1014 1288 domini
1036 1234 1255 1287 .m⁰.cc⁰.lxx⁰.
1268 1196 1405 1289 iffiffn'

149 1322 256 1392 quinto,
278 1340 374 1378 coram
398 1324 481 1379 nobis
503 1326 631 1381 Gerardo
655 1326 691 1380 de
714 1326 839 1391 Camins‚
861 1322 1029 1379 venerabilis
1050 1322 1103 1377 uiri
1127 1322 1255 1391 magistri
1267 1297 1387 1351 mm·

150 1410 310 1479 Reymundi
323 1413 359 1466 de
374 1414 515 1483 Nogerijs,
528 1414 635 1469 domini
647 1431 721 1483 pape
733 1413 881 1483 capellani,
894 1408 1049 1483 apostolice
1062 1410 1137 1465 sedis
1150 1411 1254 1481 nuncij,

148 1497 177 1551 in
195 1498 300 1568 Anglia
317 1500 520 1555 Commissario
537 1503 670 1571 generali,
684 1501 711 1556 in
731 1518 818 1555 causa
836 1517 885 1555 seu
904 1501 1022 1569 negocio
1041 1516 1096 1569 que
1115 1499 1160 1554 uel
1179 1501 1255 1570 quod

148 1585 266 1639 uertitur
278 1585 351 1641 inter
365 1587 511 1642 dominum
525 1590 683 1644 Galfridum
700 1589 735 1644 de
754 1590 868 1643 Mortuo
887 1587 960 1641 Mari
978 1596 1155 1642 executorem
1172 1596 1255 1642 testa-

148 1673 237 1727 menti
250 1674 357 1728 domini
373 1676 491 1730 Galfridi
509 1677 545 1731 de
563 1677 667 1731 Baucis
684 1677 780 1730 militis
797 1675 931 1741 defuncti,
945 1674 1054 1745 negocij
1072 1685 1144 1729 terre
1157 1686 1255 1730 sancte

149 1771 348 1830 promotorem,
362 1780 411 1833 per
423 1765 596 1819 Willelmum
611 1766 694 1834 Bigot
707 1765 840 1819 clericum
857 1773 1066 1835 procuratorem
1084 1780 1165 1816 suum
1178 1764 1254 1834 apud

148 1849 297 1917 registrum
314 1862 442 1906 nostrum
461 1853 585 1920 legitime
603 1854 787 1908 constitutum
806 1861 1016 1923 comparentem
1035 1868 1069 1906 ex
1087 1861 1167 1921 parte
1179 1869 1255 1917 vna;

148 1946 176 1990 et
198 1938 344 2007 religiosos
365 1939 441 1995 viros
464 1943 589 1996 Priorem
611 1951 639 1996 et
661 1943 841 1997 Conuentum
865 1941 901 1996 de
928 1940 1099 1995 Bernewelle
1124 1939 1255 2009 Elyensis

149 2026 288 2094 Dyocesis
297 2044 347 2099 per
356 2029 522 2098 magistrum
531 2030 705 2085 Willelmum
715 2030 751 2084 de
763 2029 890 2084 Noruico
903 2029 1035 2083 clericum
1045 2039 1255 2098 procuratorem

148 2129 246 2167 eorum
267 2115 391 2185 legitime
413 2118 597 2173 constitutum
617 2128 814 2190 comparentes
833 2135 866 2172 ex
885 2118 991 2171 altera:
1016 2116 1155 2184 videlicet,
1174 2116 1254 2171 lectis

148 2204 347 2274 procuratorijs
363 2204 429 2259 hinc
446 2206 520 2271 inde,
533 2216 561 2260 et
577 2222 674 2261 eorum
692 2206 775 2276 copia
790 2205 912 2273 decreta,
930 2214 957 2258 et
975 2205 1028 2259 sub
1046 2203 1139 2274 sigillo
1157 2214 1255 2259 nostro

148 2300 271 2361 optenta,
285 2293 478 2365 ratificataque
491 2295 626 2349 caucione
642 2295 830 2365 quadraginta
848 2294 1002 2349 solidorum
1019 2294 1118 2347 ultimo
1134 2292 1181 2347 die
1198 2293 1254 2347 litis

147 2395 198 2449 per
219 2381 386 2449 magistrum
405 2382 564 2451 Johannem
589 2382 625 2437 de
648 2384 724 2449 Lacy
745 2398 795 2451 pro
817 2381 926 2435 eisdem
948 2379 1086 2450 religiosis
1107 2381 1254 2450 exposita;

148 2478 278 2538 essetque
295 2468 355 2523 dies
373 2470 455 2524 datus
472 2471 544 2540 parti
562 2487 659 2525 eorum
675 2470 815 2524 dictorum
832 2469 1025 2538 religiosorum
1042 2468 1080 2523 ad
1094 2478 1253 2523 contestan-

148 2556 215 2609 dum
229 2558 346 2626 precise,
358 2558 475 2613 articulo
487 2558 596 2613 eisdem
609 2558 685 2628 prius
699 2574 750 2629 per
761 2568 871 2629 partem
884 2558 952 2612 dicti
970 2558 1126 2613 executoris
1141 2558 1252 2627 tradito,
1266 2554 1283 2605 f·
1297 2556 1352 2620 55b

147 2642 277 2715 lectoque
294 2663 390 2700 coram
406 2646 488 2701 nobis
506 2646 568 2717 ipso
585 2646 721 2711 articulo;
746 2657 855 2701 etcum
872 2646 902 2700 in
919 2647 1019 2700 eodem
1033 2655 1192 2715 peterentur
1204 2663 1254 2716 per

148 2742 257 2801 partem
273 2734 342 2789 dicti
360 2736 515 2790 executoris
531 2736 646 2790 nomine
663 2745 735 2790 terre
752 2745 850 2790 sancte
867 2734 982 2789 adictis
999 2733 1136 2801 religiosis
1153 2734 1254 2788 decem

147 2831 176 2875 et
194 2831 260 2876 octo
277 2840 380 2891 marce,
399 2824 498 2893 viginti
519 2835 548 2879 et
568 2824 679 2878 duobus
697 2823 821 2892 denarijs
840 2822 941 2889 minus,
960 2839 994 2876 ex
1016 2838 1102 2877 causa
1124 2821 1253 2891 depositi,

147 2927 182 2965 ac
201 2927 285 2980 super
301 2912 355 2966 hoc
372 2930 407 2968 ex
425 2923 505 2983 parte
522 2913 590 2967 dieti
610 2912 765 2968 executoris
782 2922 857 2967 esset
874 2911 1019 2983 quoddam
1037 2910 1253 2966 instrumentum

147 2999 347 3068 obligatorium
376 3001 467 3070 sigillo
494 3002 637 3055 communi
661 3001 801 3056 dictorum
827 2999 1020 3069 religiosorum
1046 2997 1198 3067 sigillatum
1224 2999 1252 3053 in

147 3085 283 3143 iudicium
307 3089 470 3156 exhibitum,
492 3099 521 3145 et
542 3089 668 3144 eiusdem
693 3090 777 3160 copia
798 3088 870 3160 parti
896 3088 1034 3143 dictorum
1059 3085 1252 3156 religiosorum

147 3168 260 3232 decreta
273 3188 300 3233 et
313 3179 366 3232 sub
379 3178 470 3248 sigillo
479 3189 577 3234 nostro
586 3190 716 3249 optenta:
730 3181 897 3233 Procurator
905 3176 1045 3232 dictorum
1058 3174 1253 3244 religiosorum

147 3281 244 3319 coram
256 3264 339 3319 nobis
351 3266 381 3318 in
394 3264 497 3320 iudicio
509 3265 632 3334 legitime
645 3266 813 3320 constitutus
824 3264 1011 3319 confitebatur
1020 3278 1151 3333 expresse
1159 3260 1252 3315 dictos

147 3352 279 3407 dominos
291 3370 358 3407 suos
371 3364 399 3407 et
409 3371 448 3421 se,
457 3354 582 3424 ipsorum
596 3354 717 3420 nomine,
726 3352 755 3407 in
765 3351 898 3423 predictis
911 3352 1010 3406 decem
1023 3358 1051 3405 et
1064 3360 1128 3404 octo
1141 3350 1252 3417 marcis,

147 3441 247 3511 viginti
265 3452 293 3496 et
312 3442 422 3496 duobus
441 3441 563 3512 denariis
582 3442 683 3508 minus,
703 3443 830 3511 superius
852 3439 954 3511 petitis,
974 3438 1056 3493 nobis
1077 3448 1106 3493 et
1125 3438 1252 3507 predicto

147 3531 295 3597 executori,
315 3532 428 3585 nomine
446 3542 519 3585 terre
538 3542 635 3585 sancte
653 3548 687 3585 ex
703 3547 790 3585 causa
807 3530 950 3585 antedicta
967 3527 1073 3593 teneri;
1098 3538 1126 3582 et
1144 3527 1252 3581 dictum

147 3619 364 3673 instrumentum
377 3618 573 3687 obligatorium
586 3634 682 3672 coram
697 3618 778 3672 nobis
790 3617 945 3671 exhibitum
958 3634 1021 3671 esse
1034 3615 1251 3670 instrumentum

147 3706 288 3762 dictorum
299 3706 478 3761 dominorum
491 3722 604 3761 suorum
617 3725 624 3770 ;
643 3717 671 3761 et
684 3706 807 3775 sigillum
820 3706 912 3760 eidem
926 3721 1082 3776 appensum
1095 3719 1158 3759 esse
1175 3701 1250 3771 sigil-

147 3796 206 3850 lum
222 3813 372 3850 commune
389 3796 567 3850 dominorum
585 3811 700 3848 suorum
716 3793 925 3864 predictorum
947 3802 974 3847 et
992 3792 1088 3845 omnia
1100 3801 1129 3847 et
1141 3790 1252 3859 singula

147 3882 177 3937 in
189 3884 267 3938 dicto
279 3885 464 3939 instrumento
477 3893 610 3938 contenta
622 3898 689 3935 vera
702 3898 782 3944 esse;
801 3880 876 3935 vnde
888 3896 941 3934 nos
958 3878 1045 3949 ipsius
1062 3878 1252 3948 procuratoris

147 3971 339 4027 confessiones
356 3972 385 4025 in
401 3972 455 4027 hac
472 3982 551 4042 parte
568 3971 666 4037 secuti,
679 3970 821 4039 predictos
838 3968 984 4038 religiosos
1001 3967 1030 4020 in
1046 3982 1196 4036 personam
1209 3966 1252 4019 sui

147 4061 335 4129 procuratoris
347 4070 376 4114 et
388 4060 494 4115 dictum
507 4068 717 4129 procuratorem
730 4056 759 4110 in
771 4072 908 4126 personas
921 4054 1060 4109 dictorum
1073 4052 1251 4107 dominorum

147 4164 263 4204 suorum
275 4149 304 4203 in
320 4148 452 4218 predictis
471 4148 570 4202 decern
589 4156 616 4200 et
635 4155 698 4200 octo
717 4145 827 4211 marcis,
841 4142 941 4213 viginti
958 4152 984 4197 et
1001 4142 1112 4195 duobus
1129 4140 1251 4195 denariis
1265 4157 1318 4200 ‘rue
1329 4158 1353 4200 rs

147 4238 249 4303 minus,
262 4237 345 4291 nobis
357 4246 406 4290 aut
418 4233 545 4306 predicto
557 4233 698 4290 executori
711 4232 827 4286 nomine
843 4239 915 4285 terre
933 4239 1030 4284 sancte
1046 4228 1093 4282 die
1110 4227 1252 4282 dominica
1266 4208 1349 4250 mut·
1359 4220 1400 4251 “²

574 4422 583 4454 ¹
604 4424 632 4476 16
644 4425 795 4475 November.
