3192 5067
349 325 420 400 254
668 303 866 378 Hundred
884 303 935 399 of
951 302 1133 402 Chilford
1329 299 1460 402 [noox

344 493 549 556 vicecomitis
572 490 670 574 .xij.d.
696 511 912 575 perannum,
934 500 968 555 et
991 491 1037 554 ibi
1060 501 1138 556 sunt
1161 491 1213 556 iii.
1233 491 1312 556 hide
1337 491 1460 574 gelda-
1577 528 1578 533 κ

345 597 436 660 biles.
482 597 517 660 B.
619 598 620 601 ’

251 707 268 759 t.
286 712 332 771 148
412 699 557 765 Ibidem¹
572 710 624 766 est
645 701 785 766 dimidia
800 701 930 784 virgata
949 711 1037 766 terre
1056 721 1123 784 que
1142 701 1204 766 suit
1228 700 1370 766 Galfridi
1392 701 1460 764 filii

347 805 482 870 Ricardi
497 812 613 890 quam¹
628 806 735 870 tenuit
750 805 793 870 de
808 807 935 870 honore
950 808 993 871 de
1008 805 1108 872 Clare
1121 826 1181 890 per
1195 807 1371 871 seruicium
1386 805 1461 886 .ἰίἰῄ

345 908 450 992 partis
473 908 560 972 feodi
579 911 607 972 .i.
625 909 746 973 militis.
795 909 889 973 Idem
906 909 1077 974 Gaiiridus
1092 910 1193 974 debet
1208 919 1333 973 sectam
1354 917 1390 971 et
1411 908 1461 971 de

346 1015 473 1079 auxilio
488 1015 692 1078 vicecomitis
707 1015 780 1078 .x.d.
797 1034 1006 1098 perannum.
1051 1015 1139 1080 clar.

413 1119 544 1184 Ibidem
575 1121 617 1184 de
645 1119 749 1184 feodis
779 1121 823 1184 de
854 1118 1079 1205 Bokes[wrth]
1110 1129 1145 1185 et
1174 1122 1218 1185 de
1249 1119 1385 1184 Kneuiii
1419 1127 1460 1182 et

348 1223 507 1287 Wilielmi
532 1223 703 1288 Barbedor
727 1223 853 1288 debent
879 1223 920 1305 ‚ii
947 1233 1064 1300 sectas,
1087 1233 1121 1288 et
1145 1223 1189 1288 de
1211 1223 1342 1287 auxilio
1366 1223 1460 1287 vice·

347 1326 479 1388 comitis
501 1326 623 1390 .xiiii.d.

413 1429 575 1494 Berclawe
595 1428 777 1514 [Bartlow].
825 1428 1006 1494 Mauricius
1021 1430 1065 1494 de
1085 1429 1203 1494 eadem
1229 1439 1263 1493 et
1286 1429 1459 1494 Radulfus

347 1536 390 1600 dc
404 1535 536 1599 Essond
553 1545 668 1599 tenent
684 1535 817 1600 feodum
832 1537 860 1600 .i.
873 1536 988 1599 militis
1003 1556 1078 1600 cum
1094 1536 1224 1599 Norton
1241 1537 1274 1598 in
1290 1535 1456 1599 comitatu

349 1639 508 1725 E[sse]xe
530 1638 573 1703 de
600 1638 732 1704 Comite
755 1639 894 1703 Oxonie
919 1640 963 1703 de
985 1639 1111 1703 honore
1134 1638 1392 1723 [Richmondie],
1420 1651 1458 1703 et

347 1745 465 1809 hidata
487 1754 539 1808 est
563 1745 596 1808 in
622 1745 749 1826 Magna
772 1745 926 1828 Campes.
974 1745 1104 1809 Ibidem
1130 1745 1304 1809 Hubertus
1327 1745 1458 1808 Pouere

348 1857 441 1914 tenet
455 1850 630 1914 dimidiam
646 1850 771 1932 hydam
789 1849 991 1932 geidabilcm
1007 1851 1051 1914 de
1066 1848 1191 1913 honore
1206 1850 1250 1914 de
1266 1849 1410 1913 Lamele.

413 1952 571 2018 Bercham
608 1953 765 2038 [Barham
801 1955 834 2018 in
865 1953 969 2020 Grcet
999 1953 1146 2037 Linton}
1197 1954 1380 2018 Nicholaus
1408 1952 1456 2016 de

349 2059 490 2126 Fomell’
513 2069 606 2124 tenet
628 2059 727 2124 feoda
751 2058 805 2142 iij.
828 2058 972 2122 militum
994 2060 1038 2123 dc
1058 2059 1184 2123 honore
1209 2059 1455 2135 Richmondie;

348 2187 414 2230 non
431 2165 532 2230 debet
552 2174 677 2230 sectam
694 2185 802 2248 neque
817 2163 991 2241 auxilium,
1006 2175 1040 2230 et
1055 2173 1133 2230 sunt
1148 2165 1194 2229 ibi
1209 2164 1276 2248 iiij.
1291 2165 1369 2229 hide
1384 2185 1454 2229 non

348 2270 540 2354 geldabiles.

413 2375 535 2438 Lintovt
551 2373 668 2458 [Grcat
682 2373 830 2457 Linton}
865 2373 1053 2439 Willeimus
1068 2375 1111 2439 de
1127 2373 1196 2458 Sey
1207 2383 1300 2438 tenet
1315 2373 1453 2438 feodum

349 2479 377 2560 .j.
391 2479 505 2542 militis
520 2479 564 2542 de
579 2477 703 2542 honore
721 2477 997 2553 Richmondie‚et
1013 2498 1080 2541 non
1092 2479 1193 2544 debet
1206 2487 1331 2542 sectam
1344 2497 1456 2560 neque

348 2583 511 2647 auxilium
527 2583 741 2647 vicecomitis.

414 2687 530 2750 Pama
545 2686 667 2750 Lintosz
687 2686 809 2771 [Littie
825 2685 974 2769 Linton].
1020 2686 1217 2752 Alexander
1235 2686 1278 2750 de
1297 2685 1455 2751 Scaiariis

349 2801 383 2856 et
400 2789 530 2855 Alanus
552 2790 595 2855 de
617 2790 768 2873 Monney
787 2799 904 2854 tenent
925 2790 1059 2855 feodum
1081 2791 1109 2855 .i.
1127 2791 1243 2855 militis
1262 2792 1306 2855 de
1328 2791 1456 2855 honore

350 2895 578 2960 Richmondie.
642 2895 772 2959 Ibidem
802 2895 928 2958 debent
958 2895 986 2958 .i.
1016 2904 1153 2970 sectam,
1182 2904 1217 2958 et
1248 2895 1291 2958 de
1324 2896 1455 2959 auxilio

348 3000 552 3066 vicecomitis
575 2999 639 3080 ijs.
664 3019 723 3082 per
744 3019 879 3077 annum,
900 3008 935 3064 et
957 3009 1036 3065 sunt
1058 3000 1181 3064 ibidem
1204 3000 1244 3066 ,ii
1267 3000 1346 3066 hide
1368 3011 1456 3066 terre

348 3103 531 3187 geldabiles
546 3112 580 3166 et
595 3101 742 3166 dimidia.

414 3207 680 3272 Hitirichesham
702 3206 959 3292 [Hildershami
1005 3207 1177 3293 Philippus
1201 3210 1231 3273 ie
1258 3209 1397 3293 Dancys
1420 3221 1456 3276 et

350 3313 536 3378 Willelmus
566 3314 598 3377 le
629 3313 698 3377 Ros
728 3322 843 3377 tenent
874 3313 1008 3377 feodum
1039 3313 1069 3395 .j.
1099 3313 1214 3378 militis
1247 3316 1291 3378 de
1320 3315 1456 3381 Comite

349 3416 486 3482 Oxonie
500 3427 534 3481 et
557 3437 624 3480 non
639 3417 764 3482 debent
785 3426 910 3482 sectam
932 3438 1042 3500 neque
1061 3418 1226 3483 auxilium
1242 3419 1456 3497 vicecomitis,

349 3532 383 3587 et
399 3531 477 3586 sunt
493 3522 537 3585 ibi
554 3543 590 3587 .ν.
607 3521 685 3586 hide
701 3541 768 3585 non
784 3521 978 3605 geldabiles.

415 3625 560 3691 Abintori
585 3624 702 3709 [Great
724 3625 925 3709 AbingtonJ.
969 3626 1094 3692 Comes
1117 3624 1254 3690 Oxonie
1275 3636 1368 3691 tenet
1391 3627 1454 3709 vij.

350 3731 447 3796 hidas
467 3741 553 3796 terre
575 3752 641 3795 non
664 3730 847 3814 geldabiles
865 3741 899 3797 et
915 3733 1017 3796 debet
1037 3733 1081 3797 de
1103 3732 1231 3796 auxilio
1251 3733 1455 3796 vicecomitis

350 3836 441 3918 ‚iiij.s.
459 3855 518 3918 per
539 3855 664 3899 annum
685 3846 719 3899 ct
738 3835 864 3901 nuliam
885 3837 987 3901 debet
1009 3846 1145 3901 sectam.
1188 3836 1276 3902 clar.
1324 3837 1453 3902 ibidem

352 4044 504 4110 Canuille
525 4045 601 4107 ,xvi
625 4044 779 4108 denarios
802 4047 845 4111 de
869 4043 970 4108 firma
1200 4072 1202 4075 ·

416 4150 533 4213 Poma
562 4149 708 4212 Abinton
741 4148 859 4232 [Littie
890 4147 1089 4231 AbingtonJ.
1151 4149 1254 4231 Hugo
1284 4152 1328 4215 de
1353 4149 1456 4226 Vaus,

547 4295 555 4328 ¹
574 4299 605 4349 In
617 4300 660 4349 the
672 4298 728 4349 MS.
742 4299 857 4363 Horseye
868 4299 889 4349 is
900 4301 1018 4365 repeated
1029 4300 1114 4351 before
1125 4301 1175 4351 this
1186 4301 1264 4350 word.

545 4381 556 4411 ²
572 4390 598 4432 et
609 4397 692 4446 quem,
708 4379 764 4430 MS.
