3192 5067
631 353 808 429 Contenls

159 550 202 590 ια
242 537 287 594 De
299 548 391 596 morte
405 538 512 609 Pagani
526 538 652 596 Peuerel.

159 621 202 661 21.
241 607 287 665 De
299 609 443 665 Wilielroo
456 609 514 665 filio
528 608 635 680 Pagani
651 610 774 665 Peuerel.

159 692 202 733 22.
241 679 368 750 Qualiter
385 681 428 736 ius
440 690 607 752 patronatus
621 678 751 735 Ecclesie
763 680 801 735 de
815 679 986 761 Beroewelle
998 680 1061 748 (n‘c)
1073 680 1222 738 descendit
1238 682 1276 737 ad

300 750 457 807 Dominum
470 752 630 807 Gilbertum
645 751 738 807 Peche
749 752 816 821 Jure
829 750 1008 807 herediteno.

157 834 200 890 ²3·
240 822 285 876 De
302 822 431 903 §ilberto
451 823 545 879 Peche
562 822 609 895 qui
626 821 679 877 suit
695 821 811 905 ultimus
830 823 969 877 Patronus
982 832 1085 889 noster,
1099 832 1127 877 et
1143 820 1276 880 iratribus

301 909 368 959 erus,
381 904 410 949 et
423 904 515 950 morte
526 902 677 964 parentum
689 909 758 949 erus.

157 976 201 1030 24.
240 963 285 1017 De
298 962 484 1021 instrumento
496 964 573 1035 quod
583 962 729 1021 Gilbertus
742 963 836 1020 Peche
848 961 914 1019 fecit
925 962 962 1018 de
975 962 1035 1019 iure
1044 974 1220 1035 patronatus.

157 1046 200 1103 25.
240 1035 285 1091 De
302 1034 420 1091 domino
439 1034 569 1092 Gilberto
583 1035 677 1091 Peche
693 1034 742 1107 qui
755 1033 822 1091 iecit
836 1036 945 1105 Regem
958 1043 987 1090 et
1001 1036 1142 1104 Reginam
1154 1036 1275 1093 heredes

300 1122 375 1161 euos.

158 1176 200 1231 26.
240 1176 367 1247 Qualiter
385 1176 541 1234 aduocacio
561 1175 689 1232 Ecclesie
706 1176 743 1233 de
764 1176 936 1233 Bernewelie
948 1176 1012 1245 (sic)
1023 1177 1158 1233 deuolute
1175 1187 1220 1234 est
1237 1179 1275 1236 ad

301 1264 403 1303 manus
423 1248 510 1317 Regis
528 1258 557 1304 et
577 1246 693 1317 Regine

158 1330 201 1384 27.
241 1318 412 1374 Inrotulecio
425 1319 455 1373 in
469 1320 574 1375 Banco.
613 1317 775 1389 Contebrig’
787 1330 815 1373 et
828 1327 931 1375 cetere

157 1388 200 1443 28.
239 1390 284 1445 De
296 1389 515 1445 confirmacione
529 1388 617 1460 Regis
631 1387 789 1516 Egdwardi]
801 1400 860 1446 tern
898 1388 1110 1446 revecacioois.

158 1473 200 1527 πᾳ
239 1459 316 1530 Quid
333 1460 489 1517 aduocacio
506 1460 637 1517 Ecclesie
675 1477 691 1515 e
711 1460 846 1517 Bernewe
867 1477 884 1516 e
903 1459 995 1516 valent
1013 1460 1131 1516 domino
1149 1462 1207 1531 regi
1224 1480 1275 1534 per

300 1546 415 1587 annum.

160 1616 202 1669 30.
241 1603 287 1658 De
299 1601 445 1659 Willelnro
459 1602 579 1658 Bastord
592 1611 621 1658 et
634 1601 735 1659 ceteris
749 1602 876 1672 Regibus
888 1602 999 1670 Anglie.

159 1686 202 1739 31.
241 1674 287 1730 De
299 1672 444 1729 WilIelmo
457 1673 548 1729 Rufio.

159 1758 202 1811 32.
241 1744 287 1800 De
300 1744 427 1800 Henrico
441 1746 520 1815 Rege
535 1744 636 1799 Primo.

160 1828 202 1883 33
241 1815 287 1869 De
300 1815 380 1884 Rege
393 1816 425 1871 St
462 1814 547 1871 hano.

159 1898 199 1954 34.
239 1886 285 1940 De
298 1885 425 1942 Henrico
465 1902 518 1957 ege
529 1886 588 1942 filio
600 1885 794 1957 imperatricis.

160 1966 203 2025 35
241 1958 287 2011 De
302 1957 380 2026 Rege
394 1956 527 2013 Ricardo.

157 2028 201 2094 36.
240 2027 286 2084 De
301 2028 378 2097 Rege
390 2028 522 2099 Johanne
534 2041 562 2085 et
575 2028 612 2084 de
625 2039 751 2099 ternpore
766 2026 911 2083 Interdicti
925 2027 955 2083 in
967 2028 1080 2099 Angiin

160 2110 202 2166 37.
239 2099 285 2154 De
300 2098 428 2154 Henrico
442 2100 520 2169 Rege
531 2098 590 2155 filio
603 2100 691 2169 Regis
704 2098 852 2169 Johannis.

157 2168 200 2237 38.
239 2170 285 2223 De
298 2169 459 2226 Eadwardo
472 2170 551 2240 Rege
563 2170 621 2225 filio
636 2168 722 2239 Regis
737 2169 865 2225 Henrici.

211 2239 257 2295 De
277 2240 439 2295 nominibus
462 2240 589 2296 Priorum
609 2241 646 2297 de
668 2241 839 2296 Bernewelle
857 2240 920 2309 (sic)
939 2258 958 2296 a
979 2241 1071 2313 prima
1092 2241 1272 2309 fundacione,

158 2318 187 2365 et
205 2309 242 2367 de
259 2310 392 2382 operibus
410 2328 518 2367 eorum.

158 2394 201 2450 39
240 2381 285 2437 De
298 2381 427 2438 Galirido
441 2383 536 2438 Priore
550 2381 652 2437 Primo.

158 2466 202 2519 4ο.
243 2454 287 2507 De
300 2453 429 2510 Gerardo
443 2454 547 2509 Priore.

158 2537 201 2589 4¹·
241 2525 286 2579 De
299 2523 424 2579 Ricardo
438 2526 526 2579 Norel
541 2524 643 2580 Priore.

158 2609 200 2661 4²·
240 2595 285 2649 De
299 2593 423 2663 Hugone
437 2597 614 2651 Domesrnan
630 2594 725 2651 Priore
737 2606 765 2651 et
779 2595 853 2651 iilius
866 2596 1001 2652 bonitate.

157 2680 200 2735 43
239 2666 284 2720 De
297 2666 424 2721 Roberto
437 2666 533 2721 Priore
545 2677 573 2722 et
586 2666 660 2721 iliius
673 2667 799 2721 bonitate
811 2677 1002 2735 cognomento
1014 2667 1084 2738 Joel.

157 2750 201 2803 44.
241 2736 286 2791 De
299 2736 442 2792 Willelmo
456 2738 552 2793 Priore
565 2737 748 2792 Deuoniensi.

156 2820 201 2877 45.
239 2808 286 2861 De
298 2806 441 2863 Willeirno
453 2808 491 2863 de
504 2808 645 2863 Bedeiord
660 2808 763 2861 Priore.

157 2879 200 2944 46
241 2880 286 2932 De
300 2877 423 2933 Ricardo
436 2878 472 2934 de
486 2880 582 2949 Burgo
596 2880 699 2934 Priore.

156 2962 199 3015 47.
238 2950 284 3003 De
298 2949 454 3004 laurencio
467 2950 504 3005 de
517 2949 677 3005 stanesfeld
691 2950 794 3005 Priore.

155 3020 198 3086 4&
238 3020 284 3075 De
298 3020 424 3075 Henrico
437 3020 473 3077 de
487 3022 550 3085 Eia
564 3020 667 3075 Priore.

153 3103 199 3159 49.
238 3091 283 3145 De
294 3091 397 3160 Jolono
409 3091 447 3146 de
458 3092 600 3161 Thorleye
615 3092 718 3146 Priore.

156 3175 198 3230 50.
237 3162 284 3215 De
297 3162 421 3230 Syrnone
433 3162 471 3217 de
482 3162 603 3217 Ascellis
617 3161 721 3217 Priore.

355 3406 559 3473 lucremur
582 3409 754 3474 Ruonrcrr
777 3421 943 3475 securior
967 3426 1078 3478 ιιιιιιι.
1282 3420 1328 3486 te

175 3574 197 3613 1.
237 3558 450 3629 Domesdayad
462 3561 638 3617 scaccarium
647 3562 755 3618 domini
766 3564 863 3634 Regis,
893 3564 939 3619 De
948 3566 1123 3635 Cesrertone,
1132 3566 1170 3622 de
1180 3566 1269 3635 firma,

296 3640 325 3684 et
343 3630 380 3686 de
398 3632 658 3689 inrotulacionibue

171 3715 198 3754 2.
238 3702 283 3755 De
297 3700 403 3771 Sayero
415 3701 452 3757 de
465 3702 577 3828 (finincy
589 3706 637 3775 qui
649 3704 728 3760 dedit
741 3722 766 3759 x.
779 3704 897 3761 libratas
910 3716 991 3762 terre.

173 3786 198 3839 3,
237 3771 323 3827 carra
335 3773 423 3843 Regis
436 3774 471 3844 Jo
491 3774 582 3830 annis.

172 3858 199 3909 4.
238 3844 284 3897 De
297 3842 570 3901 Coniinnocionibus
584 3846 671 3915 Regis
686 3846 803 3902 Henrici
815 3858 845 3903 et
859 3849 946 3918 Regis
960 3849 1118 3905 Eadwardi.

175 3926 199 3983 5.
236 3913 428 3969 Confirmacio
441 3916 528 3982 Regis
543 3916 702 3972 Eadwardi.

171 3984 198 4038 6.
238 3984 410 4040 lnrotulncio
427 3986 465 4041 ad
485 3988 666 4042 Scaccnrium
684 3988 720 4043 de
738 3988 863 4060 quinque
885 3991 988 4046 marcis
1010 3992 1110 4048 solutis
1128 4010 1180 4064 pro
1201 4010 1267 4048 con·

298 4054 461 4111 firnracione
479 4057 516 4111 de
535 4059 708 4114 Cestertone.

172 4140 198 4193 7.
239 4126 410 4181 inrorulncio
421 4128 459 4182 ad
472 4130 652 4184 Scaccarium
667 4131 754 4200 Regis
767 4131 804 4186 de
816 4132 932 4201 tallagio
943 4132 981 4187 de
994 4134 1168 4190 Cestertone.

170 4198 197 4251 8.
235 4197 356 4252 irernde
369 4199 484 4267 tallagio
495 4199 532 4254 de
546 4200 719 4257 Cestertone.

170 4282 196 4336 ᾳ
237 4268 310 4321 item
322 4268 358 4323 de
371 4269 487 4338 tallagio
498 4270 535 4324 de
548 4272 721 4329 Cestenone.

156 4353 197 4393 ro.
237 4338 309 4392 ltenr
322 4339 358 4394 de
371 4340 485 4409 tallagio
497 4342 534 4396 de
546 4343 720 4398 Cestertone

154 4424 194 4467 ιι.
235 4409 326 4464 Breue
339 4411 427 4481 Regis
441 4410 583 4487 H[eorici]
596 4414 634 4468 ad
652 4415 833 4473 scaccarium
845 4417 930 4472 Anno
942 4418 1021 4488 regni
1033 4419 1077 4474 sui
1089 4428 1161 4477 xxv0.
