3192 5067
363 367 433 433 262
685 359 881 434 Hudnd
899 361 951 456 os
966 359 1100 434 stoke
1340 356 1472 455 [soon

360 547 578 630 ll'sillelmus]
608 547 708 610 debet
739 547 767 628 ,i
797 561 935 614 mm.
962 557 998 608 et
1030 545 1076 609 ck
1102 545 1233 608 auxilio
1258 543 1474 608 vioemuuts

359 653 460 714 „xviii
475 653 639 714 denarios
684 651 772 716 clar.
820 651 950 713 Ibidem
974 650 1116 713 Briouus
1137 650 1225 713 filius
1246 650 1351 713 Auni
1374 659 1475 712 tenet

359 753 1475 839 ,ibidamterreproxlparteieodidimidiimilitisdebooooe

362 862 542 926 Britannie.
582 861 713 924 Ibidem
729 863 762 923 in
780 859 1474 943 Quqesuntiijbideetdimidiaetx

359 965 749 1048 meterregeldabiles
771 962 1471 1046 etsjbidetcsreetdimidiadeb'ber·

359 1078 443 1135 tate¹
468 1070 616 1152 Elyensi

434 1174 640 1238 Wilburhau
663 1175 784 1258 [Little
803 1173 1035 1257 Il'ilbraham}
1079 1175 1269 1236 willelmus
1282 1171 1474 1236 Toleroacb

359 1287 452 1341 tenet
475 1277 610 1341 feodum
638 1277 668 1358 i
692 1279 807 1341 militis
828 1289 864 1341 et
894 1279 1062 1341 statinus
1089 1275 1301 1341 camarius
1328 1273 1472 1337 lendum

358 1381 490 1446 dimidii
520 1381 635 1445 militis
663 1381 708 1445 de
737 1381 873 1447 Comite
902 1380 1050 1446 Oxooie
1094 1381 1248 1464 Rogerus
1275 1379 1308 1442 le
1331 1377 1473 1441 Iouerd

359 1485 649 1567 &Misenum
670 1480 1474 1568 prototavillutdebetiillaperammde

360 1589 489 1654 auxilio
497 1591 703 1654 vioeoomitis
718 1589 820 1672 ,iiijs.,
829 1601 865 1653 et
880 1590 1006 1653 ibidem
1017 1599 1097 1653 suut
1107 1588 1174 1670 iiij.
1184 1585 1473 1670 uidegddaffla

436 1797 643 1863 Wilburlrau
664 1799 767 1882 Regis
793 1797 912 1882 [Groet
941 1795 1175 1880 Wilbrabam}
1228 1797 1398 1860 Robertus
1422 1793 1473 1856 de

365 1903 478 1968 Insula
515 1915 607 1969 tenet
636 1905 678 1986 ij.
708 1904 807 1968 hidas
839 1915 928 1968 terre
959 1904 1005 1967 de
1037 1904 1164 1966 bonore
1199 1900 1372 1965 Brinnnie
1408 1919 1473 1980 per

360 2009 542 2092 socagium.
589 2008 754 2072 Radulsus
780 2009 867 2072 filius
897 2009 1037 2072 fulconis
1065 2017 1160 2072 tenet
1179 2006 1236 2070 xl
1259 2025 1353 2070 acras
1381 2013 1474 2067 terre

361 2111 486 2177 ibidem
502 2114 545 2176 de
563 2114 689 2178 honore
704 2113 878 2177 Britannie
892 2133 951 2196 per
964 2113 1145 2195 soougium.
1191 2111 1286 2174 Idem
1302 2107 1472 2172 Radulfirs

359 2216 462 2281 debet
491 2218 535 2280 de
563 2219 693 2282 auxilio
722 2217 929 2280 vicecomitis
957 2237 1019 2300 per
1046 2214 1263 2279 aunummd.
1306 2213 1354 2277 Et
1377 2212 1470 2276 idem

362 2320 528 2386 Radullus
549 2333 584 2386 et
605 2322 777 2405 Iohannes
799 2320 888 2384 filius
911 2320 1050 2385 Heorid
1071 2319 1232 2402 tenenti.
1246 2317 1362 2382 hidam
1380 2327 1472 2380 terre
1575 2328 1576 2339 ¹

361 2423 572 2506 geldabilem.
619 2425 665 2488 Et
685 2425 870 2508 Templarii
890 2433 926 2487 et
944 2423 1135 2488 willelmus
1158 2421 1259 2487 Pikot
1279 2431 1397 2486 tenent
1415 2420 1470 2482 ,iit

360 2527 457 2592 hidas
494 2539 581 2592 terre
617 2549 684 2592 non
713 2527 907 2613 geldabiles,
936 2539 972 2593 et
1008 2529 1101 2594 nulla
1136 2537 1229 2592 secta
1262 2527 1405 2591 debetur
1432 2526 1470 2588 in

361 2631 583 2696 Wilburbam

428 2735 610 2820 Swaffiam
642 2737 845 2822 [Swall'ham
880 2739 1054 2823 Bulbeck}
1113 2737 1293 2805 Comitissa
1329 2735 1468 2801 Oxonie

362 2849 455 2904 tenet
485 2841 619 2904 feodum
645 2841 675 2922 .j.
703 2841 819 2905 militis
846 2843 892 2904 de
921 2843 1047 2906 honore
1072 2841 1116 2905 de
1145 2840 1243 2906 Clare
1272 2849 1307 2902 et
1336 2839 1466 2902 nullum

361 2945 471 3010 reddit
491 2947 687 3028 scutagium.
734 2947 866 3011 Ibidem
881 2947 984 3012 debet
997 2947 1185 3010 Willelmus
1205 2944 1292 3009 filius
1312 2944 1467 3026 Mayneri

362 3049 392 3132 .j.
422 3061 557 3114 sectam.
613 3049 783 3116 Gallridus
818 3053 862 3116 ad
897 3052 1067 3118 lordbram
1102 3050 1232 3135 [debet]
1264 3050 1296 3132 .j.
1330 3059 1467 3114 sectam.

246 3155 531 3226 f.151bMartinus
560 3154 591 3218 le
618 3155 729 3221 Blund
753 3158 856 3221 debet
882 3156 912 3240 .j.
938 3167 1065 3221 sectam
1088 3166 1124 3220 et
1148 3155 1312 3219 Ricardus
1339 3154 1406 3218 But
1431 3163 1466 3216 et

362 3259 540 3342 participes
562 3259 612 3322 sui
636 3257 665 3340 .j.
686 3269 822 3324 sectam.
869 3261 999 3326 Ibidem
1022 3261 1147 3325 debent
1167 3261 1211 3325 de
1232 3259 1360 3324 auxilio
1380 3259 1466 3322 vice-

361 3363 493 3427 comitis
522 3361 611 3444 ‚vije
647 3365 721 3428 .xd.
752 3387 812 3448 per
843 3386 979 3430 annum.
1036 3366 1167 3430 Ibidem
1202 3375 1281 3429 sunt
1315 3386 1358 3427 .x.
1386 3363 1466 3427 hide

361 3465 553 3550 geldabiles.
598 3467 685 3533 Cla'r'.

426 3570 509 3634 Alia
524 3571 703 3654 Swafham
722 3571 923 3656 [Swaffham
941 3572 1056 3657 Prior].
1104 3575 1208 3656 Hugo
1222 3573 1266 3637 de
1281 3573 1464 3639 Crawdene

361 3686 454 3740 tenet
469 3675 604 3740 feodum
625 3675 655 3758 .j.
672 3675 786 3740 militis
801 3677 845 3741 de
865 3677 966 3742 feodo
983 3678 1150 3742 Hamonis
1167 3677 1303 3753 Pecche,
1318 3687 1353 3741 et
1372 3687 1464 3740 tenet

361 3781 390 3863 .j.
412 3781 527 3844 hidam
551 3791 585 3845 et
608 3779 636 3863 .j.
657 3783 870 3865 quarterium.
916 3783 1012 3846 ldem
1037 3782 1141 3866 Hugo
1161 3782 1263 3847 debet
1282 3781 1312 3863 .j.
1329 3791 1466 3858 sectam,

361 3897 395 3951 et
421 3889 464 3952 de
489 3886 618 3950 auxilio
644 3888 848 3952 vicecomitis
877 3910 937 3971 per
966 3909 1090 3952 annum
1123 3886 1223 3970 .xijA.
1250 3886 1287 3950 B.
1333 3885 1464 3950 Ibidem
1575 3876 1576 3909 ¹

362 3990 554 4055 Eborardus
584 3990 615 4054 le
646 3989 815 4074 Franceys
846 3991 948 4057 debet
977 3991 1007 4074 .j.
1036 4001 1173 4067 sectam,
1197 3999 1233 4054 et
1264 3989 1307 4054 de
1336 3990 1465 4054 auxilio

361 4095 565 4160 vicecomitis
580 4095 677 4177 .xijd.
695 4116 753 4178 per
767 4115 903 4173 annum,
917 4105 953 4158 et
967 4105 1060 4159 tenet
1074 4096 1102 4159 .i.
1119 4095 1241 4159 hidam.
1258 4094 1294 4158 B.
1333 4094 1464 4158 Ibidem

359 4199 388 4282 J.
400 4197 486 4263 lilius
498 4198 692 4281 Baldewyni
708 4199 809 4264 debet
824 4200 854 4281 .j.
870 4209 996 4264 sectam
1012 4207 1046 4263 et
1061 4199 1104 4264 de
1119 4198 1247 4263 auxilio
1261 4199 1465 4263 vicecomitis

360 4303 425 4385 ijs.
453 4323 512 4386 per
534 4323 668 4366 annum.
715 4303 803 4369 Cla'r'.
850 4305 980 4368 Ibidem
1009 4304 1195 4367 lietbertus
1216 4303 1260 4367 de
1286 4303 1464 4367 Alenchun

815 4427 825 4458 ¹
842 4429 931 4488 libero,
945 4427 1002 4478 ΜΒ.
