3192 5067
444 350 572 446 Roger
595 351 639 422 de
674 351 936 449 Wytlzerpield
1170 379 1241 446 229

435 692 483 769 38.
528 689 633 753 Breue
654 690 693 753 de
714 691 936 774 Inquzbiczbne.

191 833 349 888 Edwardus
367 834 413 889 dei
430 835 526 902 gracia
538 845 591 890 etc.
604 835 764 891 vicecomiti
777 836 959 907 Cantebngie
976 846 1004 891 et
1026 838 1242 908 Huntingdonie
1254 855 1321 895 wne
1333 853 1371 894 ot-

135 921 262 975 salutem.
301 921 475 992 Precipimus
494 923 545 977 tibi
565 924 640 994 quod
663 941 713 994 per
731 935 941 980 sacramentum
963 927 1017 996 .xij.
1039 927 1191 995 proborum
1212 939 1241 981 et
1254 902 1405 999 ffi’fft‘h‘

134 1009 266 1078 legalium
285 1009 431 1065 hominum
451 1011 486 1065 de
505 1011 641 1067 comitatu
660 1023 717 1082 tuo,
729 1030 780 1084 per
792 1031 863 1084 quos
882 1013 922 1069 rei
935 1015 1038 1069 ueritas
1057 1015 1158 1069 melius
1176 1015 1241 1070 sciri
1254 967 1362 1107 ζξὲξωθ·

134 1097 244 1167 poterit,
264 1097 413 1168 diligenter
435 1099 559 1172 inquiras
579 1118 650 1173 quas
675 1111 763 1156 terras
787 1113 815 1155 et
840 1120 895 1172 que
917 1112 1080 1157 tenementa
1103 1103 1241 1158 Ricardus

136 1183 281 1240 Laurencii
301 1186 419 1241 clericus
438 1204 526 1256 nuper
544 1187 690 1242 conuictus
709 1189 745 1242 de
763 1199 853 1244 rnorte
873 1188 992 1243 Galiridi
1010 1189 1046 1245 de
1064 1190 1201 1260 Griseky,
1214 1202 1243 1246 et

136 1271 263 1339 Rogerus
276 1273 312 1327 de
324 1274 527 1344 Wytherisfeld
540 1291 701 1346 suspensus,
716 1286 864 1331 tenuerunt
877 1277 912 1331 de
920 1277 1012 1347 priore
1024 1279 1059 1333 de
1071 1279 1242 1335 Bernewelle

135 1359 163 1414 in
177 1361 269 1431 capite
281 1361 310 1415 in
324 1364 497 1431 Cestertone,
511 1374 538 1419 et
552 1373 688 1434 quantum
706 1366 827 1433 ualeant,
841 1377 869 1421 et
885 1367 976 1420 eciam
996 1377 1133 1438 quantum
1149 1386 1243 1424 annus

134 1447 195 1504 dies
217 1459 245 1504 et
263 1460 361 1506 uastus
379 1452 533 1507 eorundem
553 1454 674 1520 ualeant,
692 1463 721 1508 et
739 1453 957 1524 inquisicionem
977 1453 1043 1511 inde
1061 1456 1195 1512 distincte
1213 1466 1242 1512 et

134 1548 230 1607 aperte
244 1539 348 1594 factam
361 1540 468 1595 habeas
481 1541 518 1596 ad
531 1541 706 1596 scaccarium
718 1551 848 1596 nostrum
861 1543 936 1612 apud
947 1544 1241 1610 westmonasterium,

136 1625 162 1680 in
176 1627 299 1682 crastino
319 1628 484 1684 Natiuitatis
501 1629 592 1684 sancti
605 1629 743 1699 Johannis
762 1631 890 1702 Baptiste
908 1631 961 1686 sub
980 1631 1072 1702 sigillo
1088 1644 1137 1688 tuo
1149 1645 1177 1688 et
1190 1635 1242 1688 sub

134 1715 233 1784 sigiliis
245 1734 343 1772 eorum
356 1735 406 1788 per
418 1735 489 1789 quos
506 1719 581 1773 iacta
598 1718 689 1786 suerit,
702 1729 730 1774 et
744 1719 798 1775 hoc
816 1719 909 1775 breue.
946 1722 1033 1776 Teste
1050 1732 1102 1777 etc
1120 1723 1183 1793 .xvj.
1197 1722 1243 1778 die

134 1803 219 1874 Junij‚
232 1821 307 1859 anno
320 1805 400 1875 regni
413 1805 500 1861 nostri
514 1805 737 1861 octauodecimo.

461 2049 510 2113 39.
555 2030 661 2095 Breue
680 2030 720 2094 de
733 2031 805 2116 fine
818 2031 919 2114 facto.

189 2171 347 2226 Edwardus
365 2172 410 2227 dei
429 2171 525 2242 gracia
544 2182 596 2226 etc.
615 2171 775 2226 vicecomiti
795 2171 978 2241 Cantebrigie
995 2173 1122 2226 salutem
1160 2172 1241 2228 Scias
1255 2187 1325 2248 wne
1336 2186 1374 2228 tn·

135 2275 185 2327 per
203 2259 286 2312 finem
305 2258 359 2314 .xii.
373 2259 507 2314 librarum
526 2275 611 2329 quem
625 2259 705 2312 Prior
722 2258 757 2312 de
777 2258 947 2313 Bernewelle
965 2258 1030 2312 iecit
1046 2259 1192 2314 nobiscum
1214 2269 1241 2312 et
1253 2237 1402 2329 {ffi'ssffpff

134 2362 205 2414 quas
230 2346 305 2400 idern
333 2347 410 2402 Prior
435 2346 517 2402 nobis
542 2347 626 2402 soluit
647 2346 684 2401 ad
709 2345 883 2400 scaccarium
908 2355 1036 2400 nostrum
1055 2363 1105 2417 per
1126 2347 1240 2401 fratrem
1253 2338 1384 2430 ffiffi·

137 2432 285 2487 Matheum
312 2432 348 2488 de
377 2433 522 2503 Kertlinge
550 2432 774 2488 concanonicum
805 2449 896 2501 suum,
925 2432 1118 2488 concessimus
1146 2432 1238 2488 eidem
1253 2449 1319 2479 com-

137 2519 223 2574 Priori
242 2537 349 2575 annum
366 2519 442 2576 diem
459 2531 486 2576 et
504 2531 614 2576 uastum
629 2531 766 2576 terrarum
782 2531 811 2577 et
824 2529 1049 2578 tenementorum
1061 2539 1116 2592 que
1129 2520 1240 2578 fuerunt
1253 2488 1367 2602 ffffi‘d

137 2609 249 2664 Ricardi
269 2609 415 2665 Laurencii
436 2609 557 2665 conuicti
576 2611 613 2665 de
629 2621 719 2666 morte
737 2609 856 2665 Galiridi
870 2611 906 2666 de
920 2609 1073 2680 Griseleye
1090 2621 1118 2666 et
1137 2609 1240 2680 Rogeri
1254 2603 1346 2706 {2¹¹⁰}ss

135 2697 170 2751 de
185 2698 385 2768 Wytherisscld
404 2715 454 2768 pro
474 2711 563 2753 morte
582 2699 709 2754 eiusdem
728 2699 867 2768 suspensi,
879 2697 908 2753 in
926 2698 993 2753 vilia
1011 2699 1047 2752 de
1066 2700 1239 2754 Cestertone.
1256 2705 1329 2756 richt.

136 2787 190 2856 Qui
204 2805 303 2855 annus,
316 2787 387 2855 dies,
398 2797 427 2841 et
440 2798 546 2854 uastus‚
560 2787 666 2842 extensi
680 2798 745 2841 sunt
759 2786 795 2840 ad
809 2786 873 2857 .viij.
887 2787 975 2841 libras
989 2785 1070 2858 .xviij.
1085 2787 1200 2854 solidos,
1213 2799 1241 2841 et
1254 2757 1347 2858 ffly'

135 2893 206 2946 quas
220 2887 308 2932 terras
320 2887 348 2932 et
360 2886 523 2932 tenementa
535 2877 620 2932 iidem
636 2876 775 2932 Ricardus
788 2887 817 2932 et
828 2877 957 2946 Rogerus
974 2875 1011 2930 de
1027 2875 1127 2931 eodem
1147 2875 1242 2929 Priore

135 2974 284 3021 tenuerunt
307 2966 336 3019 in
358 2965 451 3034 capite
472 2965 498 3019 in
520 2965 620 3020 eadem
640 2965 714 3030 villa,
733 2964 821 3018 saluis
839 2964 921 3018 nobis
939 2980 1023 3031 anno,
1042 2963 1097 3029 die,
1115 2974 1144 3018 et
1162 2973 1244 3018 vasto

135 3053 263 3108 omnium
286 3053 404 3107 aliarum
430 3062 567 3108 terrarum
593 3064 621 3107 et
646 3062 872 3108 tenementorum
897 3069 953 3122 que
977 3051 1031 3123 ipsi
1059 3052 1195 3107 Ricardus
1215 3062 1244 3107 et

138 3143 265 3209 Rogerus
289 3149 348 3194 tam
374 3141 402 3194 in
430 3141 497 3194 vilia
526 3139 708 3210 Cantebrigie
737 3155 823 3210 quam
854 3137 922 3194 alibi
956 3140 992 3195 de
1020 3139 1244 3209 quibuscumque

136 3229 258 3283 dominis
277 3239 433 3284 tenuerunt.
473 3231 509 3284 Et
529 3229 593 3284 ideo
612 3229 662 3284 tibi
685 3229 857 3299 precipimus
878 3227 956 3300 quod
977 3227 1098 3284 eundem
1119 3229 1243 3282 Priorem

136 3333 250 3382 annum,
275 3315 359 3382 diem,
385 3328 413 3372 et
437 3325 548 3371 vastum
574 3327 710 3372 terrarum
741 3325 769 3371 et
800 3326 1025 3371 tenementorem
1054 3315 1243 3385 predictorum

137 3403 252 3458 Ricardi
264 3413 293 3457 et
307 3403 410 3472 Rogeri
423 3403 452 3456 in
466 3403 594 3473 predicta
610 3403 677 3458 villa
693 3403 730 3458 de
745 3405 920 3469 Cestertone‚
933 3419 988 3473 que
1001 3401 1054 3473 ipsi
1068 3402 1103 3456 de
1116 3401 1244 3472 predicto

138 3491 232 3547 Priore
251 3491 356 3547 ibidem
375 3500 526 3547 tenuerunt
544 3493 573 3546 in
592 3491 694 3563 capite,
707 3502 737 3547 ut
756 3492 917 3563 predictum
934 3501 986 3559 est,
999 3492 1108 3562 absque
1126 3491 1244 3561 impedi·

135 3592 232 3636 mento
245 3581 349 3636 habere
368 3591 396 3636 et
415 3590 511 3636 tenere
529 3581 677 3651 permittas
697 3580 724 3635 in
744 3581 836 3634 iorma
854 3579 988 3650 predicta.
1027 3580 1065 3633 Et
1084 3579 1108 3633 si
1120 3578 1190 3650 quid
1208 3579 1243 3633 de

136 3671 269 3741 predictis
290 3671 372 3726 terris
394 3681 422 3724 et
442 3671 611 3726 tenementis
630 3671 755 3740 ipsorum
779 3669 895 3723 Ricardi
917 3677 944 3722 et
966 3667 1069 3736 Rogeri
1090 3667 1118 3721 in
1141 3667 1243 3722 eadem

135 3761 202 3814 villa
220 3759 369 3815 occasione
388 3759 576 3828 predictorum
595 3761 672 3826 anni,
691 3757 756 3826 diei,
773 3768 802 3813 et
822 3758 896 3812 vasti
910 3767 1069 3812 nostrorum
1088 3755 1196 3826 ceperis
1214 3756 1242 3810 in

136 3864 253 3902 manum
266 3858 399 3914 nostram,
408 3845 499 3901 eidem
514 3848 609 3902 Priore
619 3847 680 3901 sine
689 3845 830 3900 dilacione
843 3843 980 3898 restituas.
1013 3843 1244 3912 Testemagistro

137 3939 181 3991 W.
202 3937 238 3990 de
258 3936 376 3991 Marth’¹
396 3936 572 3991 thesaurario
592 3946 690 3991 nostro
707 3933 783 4007 apud
801 3934 919 3989 London
939 3933 985 4004 iij.
1006 3931 1053 3987 die
1072 3932 1147 4002 Julij.
1167 3949 1243 3987 anno

136 4026 214 4096 regni
228 4025 315 4080 nostri
328 4025 426 4093 .xviij.⁰

186 4163 194 4194 ¹
212 4164 324 4213 Wiliiam
335 4164 368 4214 de
381 4164 405 4213 ia
417 4163 529 4220 Marche.
538 4163 674 4229 appointed
688 4172 810 4212 treasurer
822 4161 837 4211 6
849 4159 931 4225 April,
946 4175 1016 4225 1290,
1026 4159 1052 4208 in
1063 4160 1205 4208 successiou
1216 4167 1243 4208 to

133 4247 202 4312 John
215 4247 324 4311 Kirkby,
340 4247 373 4313 bp
385 4247 413 4296 oi
423 4247 480 4311 Ely,
493 4246 551 4296 who
563 4246 622 4296 died
636 4246 666 4296 26
678 4244 767 4294 March
779 4245 806 4293 in
822 4243 876 4292 thet
891 4257 958 4307 year.
992 4242 1035 4291 Hc
1050 4242 1153 4292 became
1168 4241 1203 4306 bp
1217 4241 1246 4289 oi

137 4329 201 4380 aaut
213 4329 264 4380 and
278 4330 358 4379 Wells
372 4345 405 4394 30
415 4331 472 4394 Jan.
488 4345 556 4395 ¹²93·
