3192 5067
350 307 418 376 242
639 281 836 356 Hundred
854 282 904 380 os
923 281 1139 358 Chestmon
1332 283 1461 381 [noos

231 473 249 522 s·
264 473 334 535 ¹4³1>
411 468 609 550 Maddingle
629 467 867 552 [Madingleyl
912 467 1018 552 Hugo
1037 468 1082 532 de
1104 467 1272 551 Burdeley
1296 467 1401 532 debet
1438 467 1459 530 i

346 583 482 647 sectam,
503 581 538 637 et
561 583 653 636 tenet
684 573 717 636 in
749 572 968 656 Maddingele
998 573 1171 657 Rampton
1200 583 1236 638 et
1265 572 1459 637 Cotenham

347 677 481 742 feodum
505 677 534 759 .j.
566 676 680 740 militis
710 676 754 740 de
784 677 938 742 Gilberto
968 679 1078 742 Peche
1105 679 1150 742 de
1178 677 1280 742 feodo
1304 677 1459 760 episcopi

347 791 510 873 Elyensis.

412 895 595 960 Miidr'lton
619 895 783 979 [Milton].
827 895 1032 960 Godelridus
1055 897 1100 960 de
1128 896 1341 962 Craucumbe
1361 905 1459 958 tenet

348 1001 446 1066 feoda
468 1002 509 1084 ij.
533 1001 676 1066 militum
699 1002 743 1064 de
764 1001 921 1083 johanne
941 1002 986 1066 de
1006 1003 1115 1066 Beche
1130 1002 1174 1066 de
1192 1001 1293 1066 feodo
1305 1001 1459 1083 episcopi

348 1107 512 1189 Elyensis.
558 1107 675 1170 Petrus
691 1105 777 1170 lilius
794 1107 949 1171 Nicholai
964 1106 1066 1171 debet
1080 1107 1111 1190 .j.
1125 1118 1253 1172 sectam
1274 1127 1335 1190 pro
1354 1106 1461 1169 feodo

347 1231 503 1296 episcopi.

422 1315 571 1380 Westwic
592 1315 810 1400 [Westwickl.
856 1317 1020 1380 Ricardus
1050 1316 1239 1382 Belebuche
1266 1325 1360 1380 tenet
1389 1316 1461 1397 iiij.

349 1431 477 1507 partem
501 1421 588 1486 feodi
612 1421 643 1503 .j.
665 1421 780 1485 militis
801 1422 846 1484 de
867 1422 1027 1505 episeopo
1053 1421 1201 1503 Elyensi,
1230 1432 1265 1485 et
1293 1420 1397 1484 debet
1426 1419 1461 1501 .j.

348 1536 483 1602 sectam,
505 1537 538 1590 et
560 1527 604 1591 de
626 1525 755 1590 auxilio
775 1525 981 1590 vicecomitis
1003 1524 1069 1606 ijs.

423 1628 890 1715 Waterbaeche[Waterbeach].
926 1629 1460 1712 Templariitenentduaspnrtes

349 1734 498 1799 eiusdem
527 1734 606 1800 ville
636 1737 668 1798 in
700 1735 838 1798 liberam
867 1733 1085 1798 elemosinam
1116 1734 1159 1797 de
1183 1733 1284 1798 feodo
1308 1733 1460 1816 Elyensi.

352 1839 515 1902 Ricardus
538 1839 568 1902 le
592 1839 730 1902 Botiler¹
753 1847 847 1902 tenet
862 1837 998 1904 feodum
1018 1839 1148 1902 dimidii
1167 1839 1283 1902 militis
1296 1838 1341 1902 de
1355 1836 1460 1901 feodo
1585 1886 1586 1889 η

350 1943 508 2008 Willelmi
532 1944 575 2008 de
604 1944 734 2028 Hobriss
755 1944 799 2008 de
822 1942 1048 2019 Bokeswrthe,
1077 1953 1111 2006 et
1142 1943 1260 2007 reddet
1288 1941 1458 2006 auxilium

350 2048 554 2113 vicecomitis
569 2069 645 2113 cum
660 2047 876 2112 Bokeswrthe
889 2056 924 2111 et
938 2055 1032 2111 tenet
1046 2046 1076 2129 .j.
1088 2047 1214 2130 hydam
1230 2046 1459 2129 geldabilem¹.

546 2279 750 2344 Hundredus
771 2279 810 2343 de
834 2276 996 2344 cesterna
1017 2277 1257 2363 [ChestertonJ.

417 2442 577 2509 Childerle
591 2441 821 2528 [Childerley].
867 2443 1036 2506 Robertus
1054 2443 1098 2507 de
1113 2441 1198 2506 Ocle
1212 2451 1305 2506 tenet
1320 2441 1458 2506 feodum

349 2547 480 2612 dimidii
497 2548 611 2613 militis
629 2548 673 2612 de
691 2547 825 2614 Comite
843 2546 1084 2612 Huntindonie
1132 2545 1262 2610 ibidem
1284 2547 1459 2629 johannes

349 2655 393 2718 de
430 2651 597 2718 Childerle
626 2663 718 2717 tenet
749 2653 884 2718 feodum
920 2651 1049 2716 dimidii
1080 2651 1195 2716 militis
1224 2652 1268 2714 de
1296 2653 1459 2735 episcopo

352 2757 586 2834 Lincolniensi,
611 2767 644 2821 et
674 2756 776 2822 debet
800 2777 900 2820 vnam
931 2767 1067 2832 sectam,
1090 2766 1124 2820 et
1153 2756 1198 2820 de
1222 2754 1351 2819 auxilio
1370 2755 1457 2818 viee-

349 2861 481 2925 comitis
497 2860 562 2944 ,ijs
608 2861 654 2925 Et
670 2871 747 2924 sunt
768 2870 836 2926 tres
850 2859 942 2942 hyde
956 2859 1140 2942 geldabiles
1156 2859 1291 2934 ibidem,
1305 2867 1340 2923 et
1354 2861 1456 2924 debet

349 2965 555 3048 pontagium.

415 3071 543 3152 Hyston
566 3070 731 3154 [Histon].
778 3071 946 3136 Henricus
968 3070 1011 3134 de
1029 3069 1179 3135 Coleuile
1193 3079 1285 3133 tenet
1302 3069 1401 3134 feoda
1415 3069 1458 3152 ij.

350 3175 493 3240 militum
509 3174 552 3238 de
567 3175 727 3257 episcopo
745 3173 980 3240 Lincolniensi.
1026 3173 1156 3238 Ibidem
1173 3173 1308 3238 feodum
1324 3172 1457 3238 abbatis

349 3278 392 3342 de
416 3277 610 3360 Eynesham
633 3276 734 3341 debet
756 3277 785 3359 .j.
812 3287 938 3341 sectam
965 3285 1001 3341 et
1026 3277 1070 3340 de
1095 3276 1222 3341 auxilio
1251 3277 1458 3342 vicecomitis

350 3381 470 3464 .viijs.;
507 3391 542 3446 et
571 3390 649 3446 sunt
680 3382 725 3446 ibi
755 3384 798 3448 de
822 3381 923 3446 feodo
944 3382 1094 3448 eiusdem
1117 3383 1249 3447 abbatis
1275 3403 1338 3448 .xv.
1367 3383 1458 3465 hyde

350 3486 542 3570 geldabiles,
553 3497 587 3550 et
602 3496 694 3552 tenet
707 3488 739 3551 in
752 3487 924 3571 socngium
939 3487 984 3552 de
996 3489 1157 3572 episcopo
1173 3487 1408 3564 lincolniensi,
1423 3499 1458 3553 et

350 3591 451 3656 debet
466 3591 672 3674 pontagium.

419 3694 622 3781 cotenham]
642 3695 885 3780 [Cottenhaml
932 3697 1098 3762 Robertus
1118 3694 1162 3760 de
1178 3695 1292 3760 Insula
1306 3704 1399 3761 tenet
1413 3697 1457 3761 de

352 3803 510 3886 episcopo
527 3802 664 3885 Elyensi
686 3803 822 3866 terciam
846 3810 977 3884 partem
992 3801 1071 3868 ville
1085 3801 1119 3865 in
1135 3803 1278 3883 socagio.
1325 3802 1457 3867 Ibidem

351 3906 523 3988 Johannes
545 3907 588 3969 de
611 3905 822 3971 Cothenham
846 3917 940 3970 tenet
963 3905 1096 3969 feodum
1120 3904 1250 3970 dimidii
1273 3903 1388 3970 militis
1414 3906 1458 3970 de

353 4013 510 4096 episcopo
527 4011 663 4094 Elyensi
674 4021 708 4075 et
716 4012 819 4076 debet
834 4012 862 4094 .j.
879 4020 1005 4076 sectam
1018 4022 1052 4075 et
1064 4013 1107 4075 de
1116 4011 1244 4074 auxilio
1253 4011 1459 4074 vicecomitis

352 4117 418 4200 ,ijs
464 4117 596 4182 Ibidem
614 4117 730 4180 Petrus
745 4117 788 4180 de
806 4117 941 4181 Pelham
953 4125 1044 4180 tenet
1055 4114 1190 4179 feodum
1203 4112 1331 4177 dimidii
1343 4113 1459 4176 militis

441 4279 448 4311 ι
543 4279 549 4300 ν
592 4303 593 4306 ,

440 4363 450 4393 ²
467 4279 729 4414 ibialhldisincludes
747 4361 913 4413 Waterbetch
930 4361 956 4411 in
973 4361 1016 4412 tbe
1033 4359 1158 4410 Hundred
1175 4358 1205 4408 oi
1217 4357 1376 4410 chestenon.
