3192 5067
336 349 410 420 310
612 327 650 401 T
642 338 772 402 mus
797 328 838 402 in
865 327 955 426 Dry
980 327 1154 426 Draylon
1328 327 1459 428 [soon
1573 383 1574 396 .

401 511 567 596 Margeria
593 511 661 577 fitia
683 511 785 577 Alani
809 512 841 576 le
864 511 1014 578 Gaunter
1039 513 1083 576 de
1110 513 1234 577 Howes
1258 521 1360 578 tenet
1387 523 1460 578 tres

335 615 491 681 dimidias
511 637 604 682 acras
624 626 710 682 terre
730 637 807 682 cum
823 637 890 682 vno
911 618 1092 700 mesuagio,
1107 627 1141 682 et
1157 617 1265 682 reddit
1287 617 1375 682 inde
1396 639 1460 702 per

336 741 461 786 annum
477 743 546 786 .xx.
562 723 718 787 denarios
732 732 767 787 et
781 721 811 804 .j.
827 743 999 806 caponem.

404 826 569 892 Henricus
599 827 802 911 Capellanus
831 825 918 892 filius
949 827 1077 892 Warini
1107 835 1201 892 tenet
1234 829 1321 892 duas
1354 848 1457 892 acras

336 942 422 996 terre
436 942 471 996 et
485 933 670 1010 dimidiam,
685 943 719 997 et
734 933 844 997 reddit
860 933 938 997 inde
953 953 1012 1017 per
1026 951 1151 997 annum
1168 931 1241 1016 .viij.
1257 932 1430 997 denarios.

404 1036 570 1102 Robertus
592 1037 691 1120 Ryhe
705 1038 749 1102 de
766 1038 891 1102 Howes
913 1046 1005 1102 tenet
1020 1037 1060 1120 ij.
1076 1057 1170 1102 acras
1191 1047 1276 1102 terre
1296 1045 1330 1100 et
1347 1035 1454 1100 dimi-

337 1139 436 1217 diam,
451 1150 486 1206 et
501 1141 610 1206 reddit
632 1163 691 1225 per
711 1161 836 1207 annum
853 1141 903 1224 .vj.
919 1141 1074 1206 denarios
1089 1151 1123 1206 et
1139 1141 1223 1205 duos
1239 1161 1389 1224 capones
1404 1141 1451 1204 ad

339 1245 461 1310 Natale
477 1246 624 1310 Domini.
660 1289 663 1298 ·

402 1350 513 1416 Alicia
541 1351 584 1415 de
614 1351 717 1418 Cotes
747 1371 832 1416 vxor
863 1350 1023 1415 Willelmi
1053 1350 1097 1416 de
1130 1351 1308 1434 Leycestre
1341 1349 1449 1415 habet

336 1456 540 1522 escambium
567 1457 611 1522 de
636 1467 724 1521 terra
749 1456 870 1521 Prioris
897 1477 957 1540 pro
984 1467 1070 1521 terra
1096 1477 1166 1531 sua,
1189 1467 1224 1520 et
1250 1453 1362 1519 reddit
1388 1475 1450 1537 per

336 1579 461 1624 annum
483 1560 566 1626 .xix.
588 1560 751 1637 denarios,
772 1560 918 1636 obolum,
940 1571 975 1626 et
996 1559 1225 1645 quadrantem.

403 1662 532 1728 Eadem
556 1663 667 1728 Alicia
692 1663 802 1728 reddit
828 1684 889 1746 pro
916 1664 1088 1747 mesuagio
1114 1683 1176 1728 suo
1202 1663 1236 1726 in
1260 1661 1363 1730 Cotes
1387 1682 1448 1746 per

337 1787 460 1832 annum
478 1776 621 1852 quatuor
634 1768 798 1833 denarios.
845 1768 979 1851 Inquir'.

403 1871 490 1936 Item
506 1872 550 1936 de
564 1872 664 1936 feodo
678 1872 841 1955 Johannis
857 1871 900 1936 de
916 1871 1088 1937 Litlebure
1102 1871 1193 1956 quod
1209 1881 1260 1936 est
1278 1870 1406 1934 Prioris.

279 2024 281 2027 -
312 2007 321 2026 ·
403 1975 570 2040 Walterus
600 1975 809 2042 Carectarius
839 1984 873 2040 et
899 1974 1048 2040 Thomas
1077 1975 1121 2040 de
1152 1975 1278 2042 Sancto
1307 1975 1446 2040 Albano

336 2089 452 2146 tenent
463 2099 565 2144 vnum
582 2079 742 2157 clausurn,
753 2089 787 2144 et
804 2078 947 2143 reddunt
960 2099 1018 2164 per
1032 2099 1158 2144 annum
1169 2078 1270 2161 .xviij.
1279 2079 1444 2144 denarios

402 2185 591 2249 Wilielmus
613 2185 780 2250 Harscent
801 2195 893 2251 tenet
912 2204 1014 2249 vnum
1030 2186 1189 2262 clausum,
1205 2193 1240 2250 et
1259 2185 1370 2250 reddit
1386 2204 1446 2268 per

337 2285 664 2369 mmmhmfflm

405 2390 572 2455 Robertus
600 2389 721 2454 Heued
752 2399 844 2455 tenet
871 2409 973 2456 vnum
1000 2391 1159 2466 clausum,
1187 2401 1222 2456 et
1248 2391 1358 2456 reddit
1385 2412 1445 2475 per

337 2515 462 2561 annum
485 2495 552 2578 .xij.
576 2495 739 2560 denarios.
959 2495 1100 2562 Summa
1115 2497 1166 2578 .vj.
1182 2495 1264 2560 iibre
1278 2494 1320 2578 .ij.
1337 2495 1443 2559 solidi.

976 2600 1117 2667 Summa
1132 2620 1298 2685 caponum
1315 2599 1444 2682 .xxviij.

404 2705 539 2770 Solucio
570 2706 718 2770 redditus
748 2705 791 2769 de
819 2706 1016 2790 Maddingle
1044 2708 1189 2772 Domine
1216 2706 1259 2770 de
1287 2705 1365 2769 Ade
1391 2705 1444 2788 iij.

337 2811 462 2874 solidos
489 2831 707 2894 perannum.
759 2811 844 2874 Item
872 2811 980 2875 eidem
1008 2832 1069 2895 pro
1095 2809 1123 2893 .j.
1151 2809 1234 2874 libra
1260 2811 1373 2875 cimini
1400 2811 1443 2874 ad

338 2914 468 2997 pascha.
517 2915 601 2978 Item
625 2914 784 2978 Abatisse
807 2917 850 2978 de
873 2915 1026 2980 Chaterh'
1049 2913 1163 2998 .xij.d.¹

528 3177 576 3242 25.
621 3160 743 3244 [Dreye
765 3161 932 3242 Draytone
952 3160 1042 3243 (Dry
1064 3159 1252 3244 Draytonh]

406 3311 465 3374 lsti
486 3319 565 3374 sunt
585 3307 688 3372 libere
710 3316 862 3371 tenentes
885 3306 1005 3371 Prioris
1025 3307 1068 3372 de
1090 3307 1292 3372 Berneweile
1313 3274 1345 3372 in
1366 3311 1445 3374 villa

338 3423 381 3488 de
398 3423 510 3506 Dreye
525 3421 707 3503 draytone:

405 3543 594 3608 Willelmus
609 3543 747 3606 clericus
761 3543 804 3606 de
823 3541 996 3606 Hokitone
1012 3550 1104 3606 tenet
1114 3561 1216 3605 vnum
1235 3544 1443 3626 mesuagium

339 3671 415 3714 cum
446 3648 552 3714 crofta
580 3647 763 3722 adiacente,
789 3655 824 3708 et
851 3666 914 3709 .xv.
945 3665 1039 3709 acras
1068 3655 1162 3722 terre,
1189 3655 1223 3709 et
1249 3647 1359 3711 reddit
1386 3671 1446 3732 per

339 3775 464 3820 annum
491 3754 531 3836 .ij.
559 3752 683 3816 solidos
710 3750 761 3832 .vj.
788 3751 952 3827 denarios,
978 3751 1021 3814 ad
1048 3751 1134 3814 duos
1160 3751 1239 3814 anni
1266 3753 1446 3817 terminos:

339 3861 464 3924 scilicet
494 3858 537 3923 ad
570 3857 706 3932 Pascha,
735 3867 769 3919 et
799 3857 842 3918 ad
874 3855 994 3919 festum
1027 3855 1141 3920 Sancti
1174 3855 1356 3932 Michaelis,
1383 3879 1447 3942 pro

339 3963 495 4027 omnibus
518 3959 674 4043 seruicijs.

404 4068 574 4149 Johannes
593 4065 624 4129 le
645 4065 769 4128 Warde
789 4073 883 4128 tenet
904 4063 957 4145 iij.
979 4083 1072 4128 acras
1095 4072 1181 4128 terre
1203 4075 1237 4130 et
1260 4065 1447 4144 dimidiam,

338 4182 373 4238 et
394 4172 503 4237 reddit
522 4171 600 4235 inde
619 4191 679 4253 per
698 4188 823 4233 annum
840 4168 883 4233 ad
900 4169 1008 4233 dictos
1023 4171 1184 4234 terminos
1200 4171 1273 4254 xiij.
1290 4172 1448 4239 denarios

339 4299 400 4363 pro
414 4277 571 4342 omnibus
586 4272 741 4356 seruicijs

724 4394 733 4426 ¹
750 4396 843 4447 Added
856 4397 882 4446 in
894 4395 936 4446 the
948 4397 1054 4462 margin.
