<?xml version="1.0" encoding="UTF-8"?>
<!DOCTYPE html PUBLIC "-//W3C//DTD XHTML 1.0 Transitional//EN"
    "http://www.w3.org/TR/xhtml1/DTD/xhtml1-transitional.dtd">
<html xmlns="http://www.w3.org/1999/xhtml" xml:lang="en" lang="en">
 <head>
  <title>
</title>
<meta http-equiv="Content-Type" content="text/html;charset=utf-8" />
  <meta name='ocr-system' content='tesseract 3.04.00' />
  <meta name='ocr-capabilities' content='ocr_page ocr_carea ocr_par ocr_line ocrx_word'/>
</head>
<body>
  <div class='ocr_page' id='page_1' title='image "./libermemorandor01clargoog_0251.png"; bbox 0 0 3192 5067; ppageno 0'>
   <div class='ocr_carea' id='block_1_1' title="bbox 153 286 1258 387">
    <p class='ocr_par' dir='ltr' id='par_1_1' title="bbox 153 286 1258 387">
     <span class='ocr_line' id='line_1_1' title="bbox 153 286 1258 387; baseline 0.004 -26"><span class='ocrx_word' id='word_1_1' title='bbox 153 286 216 387; x_wconf 92' lang='lat'>111]</span> <span class='ocrx_word' id='word_1_2' title='bbox 265 286 326 387; x_wconf 88' lang='lat' dir='ltr'><strong>Of</strong></span> <span class='ocrx_word' id='word_1_3' title='bbox 335 289 395 363; x_wconf 75' lang='lat' dir='ltr'><strong>the</strong></span> <span class='ocrx_word' id='word_1_4' title='bbox 412 287 521 364; x_wconf 73' lang='lat' dir='ltr'><strong>house</strong></span> <span class='ocrx_word' id='word_1_5' title='bbox 540 288 581 361; x_wconf 83' lang='lat' dir='ltr'><strong>in</strong></span> <span class='ocrx_word' id='word_1_6' title='bbox 597 286 659 361; x_wconf 73' lang='lat' dir='ltr'><strong>tlte</strong></span> <span class='ocrx_word' id='word_1_7' title='bbox 668 288 806 387; x_wconf 79' lang='lat' dir='ltr'><strong>parislz</strong></span> <span class='ocrx_word' id='word_1_8' title='bbox 824 288 873 385; x_wconf 86' lang='lat' dir='ltr'><strong>of</strong></span> <span class='ocrx_word' id='word_1_9' title='bbox 882 289 921 363; x_wconf 90' lang='lat' dir='ltr'><strong>S.</strong></span> <span class='ocrx_word' id='word_1_10' title='bbox 943 288 1142 387; x_wconf 76' lang='lat' dir='ltr'><strong>Sepulclm</strong></span> <span class='ocrx_word' id='word_1_11' title='bbox 1191 293 1258 384; x_wconf 83' lang='lat'><strong>183</strong></span> 
     </span>
    </p>
   </div>
   <div class='ocr_carea' id='block_1_2' title="bbox 153 468 1401 562">
    <p class='ocr_par' dir='ltr' id='par_1_2' title="bbox 153 468 1401 562">
     <span class='ocr_line' id='line_1_2' title="bbox 153 468 1401 562; baseline 0.002 -25"><span class='ocrx_word' id='word_1_12' title='bbox 153 474 311 557; x_wconf 89' lang='lat' dir='ltr'><strong>parochia</strong></span> <span class='ocrx_word' id='word_1_13' title='bbox 327 474 443 540; x_wconf 88' lang='lat' dir='ltr'>Sancti</span> <span class='ocrx_word' id='word_1_14' title='bbox 460 472 643 556; x_wconf 88' lang='lat' dir='ltr'>Sepulchri,</span> <span class='ocrx_word' id='word_1_15' title='bbox 657 483 693 537; x_wconf 90' lang='lat' dir='ltr'><strong>et</strong></span> <span class='ocrx_word' id='word_1_16' title='bbox 712 473 836 556; x_wconf 88' lang='lat' dir='ltr'><strong>optulit</strong></span> <span class='ocrx_word' id='word_1_17' title='bbox 858 474 1052 537; x_wconf 90' lang='lat' dir='ltr'><strong>caucionem</strong></span> <span class='ocrx_word' id='word_1_18' title='bbox 1075 474 1186 552; x_wconf 90' lang='lat' dir='ltr'><strong>Priori,</strong></span> <span class='ocrx_word' id='word_1_19' title='bbox 1202 475 1259 537; x_wconf 88' lang='lat' dir='ltr'><strong>sed</strong></span> <span class='ocrx_word' id='word_1_20' title='bbox 1275 468 1401 562; x_wconf 49' lang='grc' dir='ltr'>ξῇξῖξω·</span> 
     </span>
    </p>
   </div>
   <div class='ocr_carea' id='block_1_3' title="bbox 155 569 1373 663">
    <p class='ocr_par' dir='ltr' id='par_1_3' title="bbox 155 569 1373 663">
     <span class='ocr_line' id='line_1_3' title="bbox 155 569 1373 663; baseline -0.001 -21"><span class='ocrx_word' id='word_1_21' title='bbox 155 579 247 643; x_wconf 86' lang='lat' dir='ltr'><strong>Prior</strong></span> <span class='ocrx_word' id='word_1_22' title='bbox 267 579 374 643; x_wconf 91' lang='lat' dir='ltr'><strong>noluit</strong></span> <span class='ocrx_word' id='word_1_23' title='bbox 394 579 546 662; x_wconf 89' lang='lat' dir='ltr'><strong>recipere.</strong></span> <span class='ocrx_word' id='word_1_24' title='bbox 596 578 657 642; x_wconf 93' lang='lat' dir='ltr'><strong>Ille</strong></span> <span class='ocrx_word' id='word_1_25' title='bbox 680 598 759 641; x_wconf 92' lang='lat' dir='ltr'><strong>uero</strong></span> <span class='ocrx_word' id='word_1_26' title='bbox 780 578 939 661; x_wconf 88' lang='lat' dir='ltr'><strong>magister</strong></span> <span class='ocrx_word' id='word_1_27' title='bbox 960 578 1098 641; x_wconf 89' lang='lat' dir='ltr'><strong>accessit</strong></span> <span class='ocrx_word' id='word_1_28' title='bbox 1114 577 1156 641; x_wconf 84' lang='lat' dir='ltr'><strong>ad</strong></span> <span class='ocrx_word' id='word_1_29' title='bbox 1174 578 1261 643; x_wconf 87' lang='lat' dir='ltr'><strong>Can·</strong></span> <span class='ocrx_word' id='word_1_30' title='bbox 1275 569 1373 663; x_wconf 38' lang='grc' dir='ltr'><strong>πῂ</strong></span> 
     </span>
    </p>
   </div>
   <div class='ocr_carea' id='block_1_4' title="bbox 152 670 1401 764">
    <p class='ocr_par' dir='ltr' id='par_1_4' title="bbox 152 670 1401 764">
     <span class='ocr_line' id='line_1_4' title="bbox 152 670 1401 764; baseline 0.002 -17"><span class='ocrx_word' id='word_1_31' title='bbox 152 682 322 747; x_wconf 88' lang='lat' dir='ltr'><strong>cellarium</strong></span> <span class='ocrx_word' id='word_1_32' title='bbox 353 693 387 747; x_wconf 92' lang='lat' dir='ltr'><strong>et</strong></span> <span class='ocrx_word' id='word_1_33' title='bbox 417 681 511 747; x_wconf 90' lang='lat' dir='ltr'><strong>dedit</strong></span> <span class='ocrx_word' id='word_1_34' title='bbox 541 683 570 746; x_wconf 93' lang='lat' dir='ltr'><strong>ei</strong></span> <span class='ocrx_word' id='word_1_35' title='bbox 598 683 802 760; x_wconf 91' lang='lat' dir='ltr'><strong>caucionem,</strong></span> <span class='ocrx_word' id='word_1_36' title='bbox 829 692 862 746; x_wconf 93' lang='lat' dir='ltr'><strong>et</strong></span> <span class='ocrx_word' id='word_1_37' title='bbox 888 683 935 745; x_wconf 90' lang='lat' dir='ltr'><strong>sic</strong></span> <span class='ocrx_word' id='word_1_38' title='bbox 962 682 1098 747; x_wconf 89' lang='lat' dir='ltr'><strong>tenebat</strong></span> <span class='ocrx_word' id='word_1_39' title='bbox 1122 684 1260 747; x_wconf 91' lang='lat' dir='ltr'><strong>domurn</strong></span> <span class='ocrx_word' id='word_1_40' title='bbox 1277 670 1401 764; x_wconf 52' lang='lat' dir='ltr'><strong>&amp;2823ss</strong></span> 
     </span>
    </p>
   </div>
   <div class='ocr_carea' id='block_1_5' title="bbox 154 772 1406 863">
    <p class='ocr_par' dir='ltr' id='par_1_5' title="bbox 154 772 1406 863">
     <span class='ocr_line' id='line_1_5' title="bbox 154 772 1406 863; baseline -0.002 -12"><span class='ocrx_word' id='word_1_41' title='bbox 154 787 274 851; x_wconf 90' lang='lat' dir='ltr'><strong>Prioris</strong></span> <span class='ocrx_word' id='word_1_42' title='bbox 296 796 413 851; x_wconf 89' lang='lat' dir='ltr'><strong>contra</strong></span> <span class='ocrx_word' id='word_1_43' title='bbox 436 786 506 850; x_wconf 90' lang='lat' dir='ltr'><strong>eius</strong></span> <span class='ocrx_word' id='word_1_44' title='bbox 529 786 747 851; x_wconf 89' lang='lat' dir='ltr'><strong>uoluntatem.</strong></span> <span class='ocrx_word' id='word_1_45' title='bbox 794 786 992 850; x_wconf 90' lang='lat' dir='ltr'><strong>Pensionem</strong></span> <span class='ocrx_word' id='word_1_46' title='bbox 1014 786 1119 850; x_wconf 92' lang='lat' dir='ltr'><strong>eciam</strong></span> <span class='ocrx_word' id='word_1_47' title='bbox 1140 786 1260 850; x_wconf 92' lang='lat' dir='ltr'><strong>domus</strong></span> <span class='ocrx_word' id='word_1_48' title='bbox 1275 772 1406 863; x_wconf 51' lang='lat' dir='ltr'><strong>fi&#39;lfflg‘fm</strong></span> 
     </span>
    </p>
   </div>
   <div class='ocr_carea' id='block_1_6' title="bbox 152 874 1360 1479">
    <p class='ocr_par' dir='ltr' id='par_1_6' title="bbox 152 874 1360 1479">
     <span class='ocr_line' id='line_1_6' title="bbox 154 874 1360 974; baseline -0.001 -18"><span class='ocrx_word' id='word_1_49' title='bbox 154 893 297 968; x_wconf 88' lang='lat' dir='ltr'><strong>retinuit,</strong></span> <span class='ocrx_word' id='word_1_50' title='bbox 313 910 462 955; x_wconf 88' lang='lat' dir='ltr'><strong>asserens</strong></span> <span class='ocrx_word' id='word_1_51' title='bbox 477 911 513 954; x_wconf 90' lang='lat' dir='ltr'><strong>se</strong></span> <span class='ocrx_word' id='word_1_52' title='bbox 530 910 699 974; x_wconf 91' lang='lat' dir='ltr'><strong>nunquam</strong></span> <span class='ocrx_word' id='word_1_53' title='bbox 716 892 845 955; x_wconf 91' lang='lat' dir='ltr'><strong>soluere</strong></span> <span class='ocrx_word' id='word_1_54' title='bbox 856 891 919 955; x_wconf 91' lang='lat' dir='ltr'><strong>nisi</strong></span> <span class='ocrx_word' id='word_1_55' title='bbox 933 891 1025 955; x_wconf 86' lang='lat' dir='ltr'><strong>Prior</strong></span> <span class='ocrx_word' id='word_1_56' title='bbox 1037 890 1137 955; x_wconf 90' lang='lat' dir='ltr'><strong>uellet</strong></span> <span class='ocrx_word' id='word_1_57' title='bbox 1148 912 1261 956; x_wconf 89' lang='lat' dir='ltr'><strong>coram</strong></span> <span class='ocrx_word' id='word_1_58' title='bbox 1275 875 1292 924; x_wconf 75' lang='lat' dir='ltr'><strong>s·</strong></span> <span class='ocrx_word' id='word_1_59' title='bbox 1305 874 1360 925; x_wconf 66' lang='lat'><strong>⁶⁸¹³</strong></span> 
     </span>
     <span class='ocr_line' id='line_1_7' title="bbox 155 995 1261 1077; baseline 0 -17"><span class='ocrx_word' id='word_1_60' title='bbox 155 995 362 1061; x_wconf 87' lang='lat' dir='ltr'><strong>Cancellario</strong></span> <span class='ocrx_word' id='word_1_61' title='bbox 389 996 529 1077; x_wconf 85' lang='lat' dir='ltr'><strong>litigare,</strong></span> <span class='ocrx_word' id='word_1_62' title='bbox 552 996 632 1077; x_wconf 90' lang='lat' dir='ltr'><strong>quia</strong></span> <span class='ocrx_word' id='word_1_63' title='bbox 657 996 825 1059; x_wconf 85' lang='lat' dir='ltr'><strong>nitebatur</strong></span> <span class='ocrx_word' id='word_1_64' title='bbox 851 996 997 1061; x_wconf 88' lang='lat' dir='ltr'><strong>Priorem</strong></span> <span class='ocrx_word' id='word_1_65' title='bbox 1023 1006 1058 1060; x_wconf 93' lang='lat' dir='ltr'><strong>et</strong></span> <span class='ocrx_word' id='word_1_66' title='bbox 1084 997 1261 1061; x_wconf 92' lang='lat' dir='ltr'><strong>canonicos</strong></span> 
     </span>
     <span class='ocr_line' id='line_1_8' title="bbox 152 1098 1262 1181; baseline 0 -17"><span class='ocrx_word' id='word_1_67' title='bbox 152 1122 231 1165; x_wconf 89' lang='lat' dir='ltr'><strong>suos</strong></span> <span class='ocrx_word' id='word_1_68' title='bbox 256 1099 387 1165; x_wconf 86' lang='lat' dir='ltr'><strong>trahere</strong></span> <span class='ocrx_word' id='word_1_69' title='bbox 413 1098 457 1163; x_wconf 93' lang='lat' dir='ltr'><strong>ad</strong></span> <span class='ocrx_word' id='word_1_70' title='bbox 480 1098 748 1181; x_wconf 80' lang='lat' dir='ltr'><strong>jurisdiccionem</strong></span> <span class='ocrx_word' id='word_1_71' title='bbox 774 1098 970 1181; x_wconf 89' lang='lat' dir='ltr'><strong>Cancellarij</strong></span> <span class='ocrx_word' id='word_1_72' title='bbox 1002 1110 1062 1163; x_wconf 91' lang='lat' dir='ltr'><strong>etc.</strong></span> <span class='ocrx_word' id='word_1_73' title='bbox 1110 1100 1155 1164; x_wconf 89' lang='lat' dir='ltr'><strong>Et</strong></span> <span class='ocrx_word' id='word_1_74' title='bbox 1185 1099 1262 1164; x_wconf 92' lang='lat' dir='ltr'><strong>ideo</strong></span> 
     </span>
     <span class='ocr_line' id='line_1_9' title="bbox 154 1204 1261 1289; baseline 0 -21"><span class='ocrx_word' id='word_1_75' title='bbox 154 1204 301 1289; x_wconf 90' lang='lat' dir='ltr'><strong>portauit</strong></span> <span class='ocrx_word' id='word_1_76' title='bbox 317 1205 410 1268; x_wconf 94' lang='lat' dir='ltr'><strong>Prior</strong></span> <span class='ocrx_word' id='word_1_77' title='bbox 424 1204 526 1268; x_wconf 91' lang='lat' dir='ltr'><strong>breue</strong></span> <span class='ocrx_word' id='word_1_78' title='bbox 542 1224 630 1269; x_wconf 93' lang='lat' dir='ltr'><strong>noue</strong></span> <span class='ocrx_word' id='word_1_79' title='bbox 644 1205 818 1269; x_wconf 88' lang='lat' dir='ltr'><strong>disseisine</strong></span> <span class='ocrx_word' id='word_1_80' title='bbox 833 1225 932 1287; x_wconf 91' lang='lat' dir='ltr'><strong>super</strong></span> <span class='ocrx_word' id='word_1_81' title='bbox 942 1205 1052 1287; x_wconf 89' lang='lat' dir='ltr'><strong>ipsum</strong></span> <span class='ocrx_word' id='word_1_82' title='bbox 1065 1206 1261 1289; x_wconf 85' lang='lat' dir='ltr'><strong>magistrum</strong></span> 
     </span>
     <span class='ocr_line' id='line_1_10' title="bbox 156 1307 1263 1405; baseline -0.001 -32"><span class='ocrx_word' id='word_1_83' title='bbox 156 1307 340 1373; x_wconf 83' lang='lat' dir='ltr'><strong>Radulium</strong></span> <span class='ocrx_word' id='word_1_84' title='bbox 378 1319 412 1372; x_wconf 93' lang='lat' dir='ltr'><strong>et</strong></span> <span class='ocrx_word' id='word_1_85' title='bbox 450 1309 704 1386; x_wconf 90' lang='lat' dir='ltr'><strong>Cancellarium,</strong></span> <span class='ocrx_word' id='word_1_86' title='bbox 739 1309 827 1374; x_wconf 91' lang='lat' dir='ltr'><strong>vnde</strong></span> <span class='ocrx_word' id='word_1_87' title='bbox 863 1318 935 1374; x_wconf 91' lang='lat' dir='ltr'><strong>tota</strong></span> <span class='ocrx_word' id='word_1_88' title='bbox 969 1308 1165 1405; x_wconf 87' lang='lat' dir='ltr'><strong>vniuersitas</strong></span> <span class='ocrx_word' id='word_1_89' title='bbox 1201 1309 1263 1372; x_wconf 91' lang='lat' dir='ltr'><strong>suit</strong></span> 
     </span>
     <span class='ocr_line' id='line_1_11' title="bbox 154 1414 544 1479; baseline 0.005 -2"><span class='ocrx_word' id='word_1_90' title='bbox 154 1414 370 1478; x_wconf 89' lang='lat' dir='ltr'><strong>uehementer</strong></span> <span class='ocrx_word' id='word_1_91' title='bbox 392 1414 544 1479; x_wconf 90' lang='lat' dir='ltr'><strong>attonita.</strong></span> 
     </span>
    </p>
   </div>
   <div class='ocr_carea' id='block_1_7' title="bbox 158 1599 1267 1770">
    <p class='ocr_par' dir='ltr' id='par_1_7' title="bbox 158 1599 1267 1770">
     <span class='ocr_line' id='line_1_12' title="bbox 158 1599 1267 1684; baseline 0 -22"><span class='ocrx_word' id='word_1_92' title='bbox 158 1614 225 1679; x_wconf 89' lang='lat'>117.</span> <span class='ocrx_word' id='word_1_93' title='bbox 271 1599 391 1664; x_wconf 66' lang='lat' dir='ltr'><strong>Assria</strong></span> <span class='ocrx_word' id='word_1_94' title='bbox 411 1610 523 1664; x_wconf 86' lang='lat' dir='ltr'><strong>contra</strong></span> <span class='ocrx_word' id='word_1_95' title='bbox 547 1600 743 1684; x_wconf 55' lang='lat' dir='ltr'><strong>nagistrum</strong></span> <span class='ocrx_word' id='word_1_96' title='bbox 765 1600 953 1682; x_wconf 67' lang='lat' dir='ltr'><strong>Radulsum</strong></span> <span class='ocrx_word' id='word_1_97' title='bbox 977 1600 1016 1663; x_wconf 73' lang='lat' dir='ltr'><strong>de</strong></span> <span class='ocrx_word' id='word_1_98' title='bbox 1043 1600 1206 1682; x_wconf 80' lang='lat' dir='ltr'><strong>Leycestre</strong></span> <span class='ocrx_word' id='word_1_99' title='bbox 1234 1610 1267 1664; x_wconf 84' lang='lat' dir='ltr'><strong>et</strong></span> 
     </span>
     <span class='ocr_line' id='line_1_13' title="bbox 584 1703 830 1770; baseline -0.004 0"><span class='ocrx_word' id='word_1_100' title='bbox 584 1703 830 1770; x_wconf 77' lang='lat' dir='ltr'><strong>cancellarium.</strong></span> 
     </span>
    </p>
   </div>
   <div class='ocr_carea' id='block_1_8' title="bbox 205 1836 1429 1939">
    <p class='ocr_par' dir='ltr' id='par_1_8' title="bbox 205 1836 1429 1939">
     <span class='ocr_line' id='line_1_14' title="bbox 205 1836 1429 1939; baseline 0.006 -48"><span class='ocrx_word' id='word_1_101' title='bbox 205 1838 306 1893; x_wconf 86' lang='lat' dir='ltr'><strong>Assisa</strong></span> <span class='ocrx_word' id='word_1_102' title='bbox 329 1840 405 1894; x_wconf 90' lang='lat' dir='ltr'><strong>venit</strong></span> <span class='ocrx_word' id='word_1_103' title='bbox 431 1839 609 1910; x_wconf 86' lang='lat' dir='ltr'><strong>recognitura</strong></span> <span class='ocrx_word' id='word_1_104' title='bbox 633 1841 657 1895; x_wconf 94' lang='lat' dir='ltr'><strong>si</strong></span> <span class='ocrx_word' id='word_1_105' title='bbox 682 1840 819 1910; x_wconf 84' lang='lat' dir='ltr'><strong>magister</strong></span> <span class='ocrx_word' id='word_1_106' title='bbox 844 1841 982 1896; x_wconf 85' lang='lat' dir='ltr'><strong>Radulfus</strong></span> <span class='ocrx_word' id='word_1_107' title='bbox 1006 1843 1041 1897; x_wconf 91' lang='lat' dir='ltr'><strong>de</strong></span> <span class='ocrx_word' id='word_1_108' title='bbox 1065 1844 1214 1913; x_wconf 88' lang='lat' dir='ltr'><strong>Leycestre</strong></span> <span class='ocrx_word' id='word_1_109' title='bbox 1235 1854 1263 1900; x_wconf 89' lang='lat' dir='ltr'><strong>et</strong></span> <span class='ocrx_word' id='word_1_110' title='bbox 1278 1836 1429 1939; x_wconf 53' lang='lat' dir='ltr'>ffifflffl&#39;·</span> 
     </span>
    </p>
   </div>
   <div class='ocr_carea' id='block_1_9' title="bbox 153 1926 1407 3770">
    <p class='ocr_par' dir='ltr' id='par_1_9' title="bbox 153 1926 1407 2266">
     <span class='ocr_line' id='line_1_15' title="bbox 153 1926 1407 2001; baseline 0.006 -21"><span class='ocrx_word' id='word_1_111' title='bbox 153 1926 289 1995; x_wconf 88' lang='lat' dir='ltr'><strong>magister</strong></span> <span class='ocrx_word' id='word_1_112' title='bbox 307 1926 452 1982; x_wconf 86' lang='lat' dir='ltr'><strong>Galt&#39;ridus</strong></span> <span class='ocrx_word' id='word_1_113' title='bbox 467 1929 503 1982; x_wconf 89' lang='lat' dir='ltr'><strong>de</strong></span> <span class='ocrx_word' id='word_1_114' title='bbox 522 1928 687 1983; x_wconf 86' lang='lat' dir='ltr'><strong>Pakenbam</strong></span> <span class='ocrx_word' id='word_1_115' title='bbox 704 1930 807 1985; x_wconf 87' lang='lat' dir='ltr'><strong>iniuste</strong></span> <span class='ocrx_word' id='word_1_116' title='bbox 820 1939 873 1985; x_wconf 90' lang='lat' dir='ltr'><strong>etc.</strong></span> <span class='ocrx_word' id='word_1_117' title='bbox 886 1930 1124 2001; x_wconf 85' lang='lat' dir='ltr'><strong>disseysiuerunt¹</strong></span> <span class='ocrx_word' id='word_1_118' title='bbox 1137 1932 1263 1987; x_wconf 87' lang='lat' dir='ltr'><strong>Priorem</strong></span> <span class='ocrx_word' id='word_1_119' title='bbox 1277 1939 1320 1981; x_wconf 82' lang='lat' dir='ltr'><strong>the</strong></span> <span class='ocrx_word' id='word_1_120' title='bbox 1330 1938 1407 1980; x_wconf 71' lang='lat' dir='ltr'><strong>house</strong></span> 
     </span>
     <span class='ocr_line' id='line_1_16' title="bbox 153 1988 1403 2092; baseline 0.01 -23"><span class='ocrx_word' id='word_1_121' title='bbox 153 2015 190 2070; x_wconf 90' lang='lat' dir='ltr'><strong>de</strong></span> <span class='ocrx_word' id='word_1_122' title='bbox 204 2016 375 2071; x_wconf 78' lang='lat' dir='ltr'><strong>Bernewelle</strong></span> <span class='ocrx_word' id='word_1_123' title='bbox 394 2017 536 2073; x_wconf 88' lang='lat' dir='ltr'><strong>delibero</strong></span> <span class='ocrx_word' id='word_1_124' title='bbox 555 2028 717 2074; x_wconf 85' lang='lat' dir='ltr'><strong>tenemento</strong></span> <span class='ocrx_word' id='word_1_125' title='bbox 735 2037 788 2074; x_wconf 91' lang='lat' dir='ltr'><strong>suo</strong></span> <span class='ocrx_word' id='word_1_126' title='bbox 807 2020 835 2073; x_wconf 92' lang='lat' dir='ltr'><strong>in</strong></span> <span class='ocrx_word' id='word_1_127' title='bbox 856 2020 1040 2091; x_wconf 76' lang='lat' dir='ltr'><strong>cantebrigia</strong></span> <span class='ocrx_word' id='word_1_128' title='bbox 1058 2031 1124 2092; x_wconf 87' lang='lat' dir='ltr'><strong>post</strong></span> <span class='ocrx_word' id='word_1_129' title='bbox 1142 2022 1263 2090; x_wconf 87' lang='lat' dir='ltr'><strong>primam</strong></span> <span class='ocrx_word' id='word_1_130' title='bbox 1277 1988 1403 2081; x_wconf 59' lang='lat' dir='ltr'><strong>iilihilly</strong></span> 
     </span>
     <span class='ocr_line' id='line_1_17' title="bbox 153 2089 1361 2179; baseline 0.005 -20"><span class='ocrx_word' id='word_1_131' title='bbox 153 2114 206 2160; x_wconf 89' lang='lat' dir='ltr'><strong>etc.</strong></span> <span class='ocrx_word' id='word_1_132' title='bbox 219 2118 248 2159; x_wconf 91' lang='lat' dir='ltr'><strong>et</strong></span> <span class='ocrx_word' id='word_1_133' title='bbox 259 2106 335 2162; x_wconf 88' lang='lat' dir='ltr'><strong>vnde</strong></span> <span class='ocrx_word' id='word_1_134' title='bbox 346 2106 474 2177; x_wconf 88' lang='lat' dir='ltr'><strong>queritur</strong></span> <span class='ocrx_word' id='word_1_135' title='bbox 485 2108 563 2178; x_wconf 90' lang='lat' dir='ltr'><strong>quod</strong></span> <span class='ocrx_word' id='word_1_136' title='bbox 579 2106 815 2177; x_wconf 88' lang='lat' dir='ltr'><strong>disseysiuerunt¹</strong></span> <span class='ocrx_word' id='word_1_137' title='bbox 833 2124 898 2168; x_wconf 86' lang='lat' dir='ltr'><strong>eum</strong></span> <span class='ocrx_word' id='word_1_138' title='bbox 915 2109 951 2163; x_wconf 90' lang='lat' dir='ltr'><strong>de</strong></span> <span class='ocrx_word' id='word_1_139' title='bbox 968 2128 1024 2164; x_wconf 89' lang='lat' dir='ltr'><strong>vno</strong></span> <span class='ocrx_word' id='word_1_140' title='bbox 1041 2110 1186 2179; x_wconf 84' lang='lat' dir='ltr'><strong>mesuagio</strong></span> <span class='ocrx_word' id='word_1_141' title='bbox 1199 2126 1263 2165; x_wconf 88' lang='lat' dir='ltr'><strong>curn</strong></span> <span class='ocrx_word' id='word_1_142' title='bbox 1277 2089 1361 2140; x_wconf 62' lang='lat'><strong>‘²⁸⁸⁶&#39;</strong></span> 
     </span>
     <span class='ocr_line' id='line_1_18' title="bbox 154 2193 1264 2266; baseline 0.005 -19"><span class='ocrx_word' id='word_1_143' title='bbox 154 2193 335 2263; x_wconf 74' lang='lat' dir='ltr'><strong>pertinenciis</strong></span> <span class='ocrx_word' id='word_1_144' title='bbox 347 2205 400 2249; x_wconf 86' lang='lat' dir='ltr'><strong>etc</strong></span> <span class='ocrx_word' id='word_1_145' title='bbox 439 2195 477 2249; x_wconf 89' lang='lat' dir='ltr'><strong>Et</strong></span> <span class='ocrx_word' id='word_1_146' title='bbox 490 2195 625 2264; x_wconf 87' lang='lat' dir='ltr'><strong>magister</strong></span> <span class='ocrx_word' id='word_1_147' title='bbox 638 2196 777 2251; x_wconf 84' lang='lat' dir='ltr'><strong>Radullus</strong></span> <span class='ocrx_word' id='word_1_148' title='bbox 789 2206 817 2251; x_wconf 92' lang='lat' dir='ltr'><strong>et</strong></span> <span class='ocrx_word' id='word_1_149' title='bbox 827 2196 963 2266; x_wconf 86' lang='lat' dir='ltr'><strong>magister</strong></span> <span class='ocrx_word' id='word_1_150' title='bbox 976 2197 1119 2253; x_wconf 84' lang='lat' dir='ltr'><strong>Galiridus</strong></span> <span class='ocrx_word' id='word_1_151' title='bbox 1132 2200 1264 2263; x_wconf 87' lang='lat' dir='ltr'><strong>veniunt;</strong></span> 
     </span>
    </p>

    <p class='ocr_par' dir='ltr' id='par_1_10' title="bbox 154 2281 1264 2443">
     <span class='ocr_line' id='line_1_19' title="bbox 154 2281 1264 2355; baseline 0.006 -21"><span class='ocrx_word' id='word_1_152' title='bbox 154 2290 182 2335; x_wconf 90' lang='lat' dir='ltr'><strong>et</strong></span> <span class='ocrx_word' id='word_1_153' title='bbox 194 2282 331 2351; x_wconf 86' lang='lat' dir='ltr'><strong>magister</strong></span> <span class='ocrx_word' id='word_1_154' title='bbox 341 2282 484 2337; x_wconf 81' lang='lat' dir='ltr'><strong>Galiridus</strong></span> <span class='ocrx_word' id='word_1_155' title='bbox 494 2281 563 2337; x_wconf 91' lang='lat' dir='ltr'><strong>dicit</strong></span> <span class='ocrx_word' id='word_1_156' title='bbox 572 2283 650 2354; x_wconf 90' lang='lat' dir='ltr'><strong>quod</strong></span> <span class='ocrx_word' id='word_1_157' title='bbox 659 2284 720 2353; x_wconf 87' lang='lat' dir='ltr'><strong>ipse</strong></span> <span class='ocrx_word' id='word_1_158' title='bbox 729 2283 817 2339; x_wconf 92' lang='lat' dir='ltr'><strong>nichil</strong></span> <span class='ocrx_word' id='word_1_159' title='bbox 826 2284 913 2340; x_wconf 91' lang='lat' dir='ltr'><strong>habet</strong></span> <span class='ocrx_word' id='word_1_160' title='bbox 922 2301 976 2339; x_wconf 87' lang='lat' dir='ltr'><strong>nec</strong></span> <span class='ocrx_word' id='word_1_161' title='bbox 986 2286 1090 2355; x_wconf 85' lang='lat' dir='ltr'><strong>aliquid</strong></span> <span class='ocrx_word' id='word_1_162' title='bbox 1103 2287 1207 2341; x_wconf 88' lang='lat' dir='ltr'><strong>clamat</strong></span> <span class='ocrx_word' id='word_1_163' title='bbox 1215 2284 1226 2319; x_wconf 82' lang='lat'>²</span> <span class='ocrx_word' id='word_1_164' title='bbox 1235 2287 1264 2341; x_wconf 93' lang='lat' dir='ltr'><strong>in</strong></span> 
     </span>
     <span class='ocr_line' id='line_1_20' title="bbox 155 2368 1264 2443; baseline 0.007 -22"><span class='ocrx_word' id='word_1_165' title='bbox 155 2368 282 2438; x_wconf 86' lang='lat' dir='ltr'><strong>predicto</strong></span> <span class='ocrx_word' id='word_1_166' title='bbox 298 2368 445 2439; x_wconf 79' lang='lat' dir='ltr'><strong>mesuagio</strong></span> <span class='ocrx_word' id='word_1_167' title='bbox 462 2386 515 2424; x_wconf 89' lang='lat' dir='ltr'><strong>nec</strong></span> <span class='ocrx_word' id='word_1_168' title='bbox 533 2370 657 2440; x_wconf 86' lang='lat' dir='ltr'><strong>aliquam</strong></span> <span class='ocrx_word' id='word_1_169' title='bbox 674 2370 806 2425; x_wconf 88' lang='lat' dir='ltr'><strong>iniuriam</strong></span> <span class='ocrx_word' id='word_1_170' title='bbox 824 2372 883 2427; x_wconf 89' lang='lat' dir='ltr'><strong>siue</strong></span> <span class='ocrx_word' id='word_1_171' title='bbox 900 2372 1087 2441; x_wconf 82' lang='lat' dir='ltr'><strong>disseysinam</strong></span> <span class='ocrx_word' id='word_1_172' title='bbox 1105 2374 1172 2429; x_wconf 91' lang='lat' dir='ltr'><strong>inde</strong></span> <span class='ocrx_word' id='word_1_173' title='bbox 1190 2375 1264 2443; x_wconf 83' lang='lat' dir='ltr'><strong>iecit,</strong></span> 
     </span>
    </p>

    <p class='ocr_par' dir='ltr' id='par_1_11' title="bbox 154 2457 1264 2884">
     <span class='ocr_line' id='line_1_21' title="bbox 154 2457 1264 2529; baseline 0.005 -19"><span class='ocrx_word' id='word_1_174' title='bbox 154 2466 207 2511; x_wconf 89' lang='lat' dir='ltr'><strong>etc.</strong></span> <span class='ocrx_word' id='word_1_175' title='bbox 245 2457 283 2510; x_wconf 86' lang='lat' dir='ltr'><strong>Et</strong></span> <span class='ocrx_word' id='word_1_176' title='bbox 301 2458 437 2526; x_wconf 89' lang='lat' dir='ltr'><strong>magister</strong></span> <span class='ocrx_word' id='word_1_177' title='bbox 458 2457 596 2512; x_wconf 83' lang='lat' dir='ltr'><strong>Radulfus</strong></span> <span class='ocrx_word' id='word_1_178' title='bbox 615 2458 684 2512; x_wconf 93' lang='lat' dir='ltr'><strong>dicit</strong></span> <span class='ocrx_word' id='word_1_179' title='bbox 703 2460 780 2528; x_wconf 90' lang='lat' dir='ltr'><strong>quod</strong></span> <span class='ocrx_word' id='word_1_180' title='bbox 799 2459 860 2529; x_wconf 88' lang='lat' dir='ltr'><strong>ipse</strong></span> <span class='ocrx_word' id='word_1_181' title='bbox 878 2460 965 2514; x_wconf 87' lang='lat' dir='ltr'><strong>nichil</strong></span> <span class='ocrx_word' id='word_1_182' title='bbox 987 2460 1106 2515; x_wconf 81' lang='lat' dir='ltr'><strong>clamat²</strong></span> <span class='ocrx_word' id='word_1_183' title='bbox 1125 2462 1153 2515; x_wconf 91' lang='lat' dir='ltr'><strong>in</strong></span> <span class='ocrx_word' id='word_1_184' title='bbox 1170 2460 1264 2517; x_wconf 88' lang='lat' dir='ltr'><strong>libero</strong></span> 
     </span>
     <span class='ocr_line' id='line_1_22' title="bbox 155 2545 1263 2618; baseline 0.006 -20"><span class='ocrx_word' id='word_1_185' title='bbox 155 2553 316 2599; x_wconf 88' lang='lat' dir='ltr'><strong>tenemento</strong></span> <span class='ocrx_word' id='word_1_186' title='bbox 333 2546 452 2614; x_wconf 89' lang='lat' dir='ltr'><strong>predicti</strong></span> <span class='ocrx_word' id='word_1_187' title='bbox 470 2546 607 2615; x_wconf 88' lang='lat' dir='ltr'><strong>mesuagij</strong></span> <span class='ocrx_word' id='word_1_188' title='bbox 628 2545 682 2601; x_wconf 91' lang='lat' dir='ltr'><strong>nisi</strong></span> <span class='ocrx_word' id='word_1_189' title='bbox 701 2547 861 2618; x_wconf 89' lang='lat' dir='ltr'><strong>hospicium</strong></span> <span class='ocrx_word' id='word_1_190' title='bbox 880 2565 962 2602; x_wconf 89' lang='lat' dir='ltr'><strong>suum</strong></span> <span class='ocrx_word' id='word_1_191' title='bbox 979 2558 1089 2603; x_wconf 90' lang='lat' dir='ltr'><strong>tantum</strong></span> <span class='ocrx_word' id='word_1_192' title='bbox 1108 2552 1263 2605; x_wconf 90' lang='lat' dir='ltr'><strong>secundum</strong></span> 
     </span>
     <span class='ocr_line' id='line_1_23' title="bbox 155 2632 1264 2707; baseline 0.006 -20"><span class='ocrx_word' id='word_1_193' title='bbox 155 2641 261 2688; x_wconf 87' lang='lat' dir='ltr'><strong>statuta</strong></span> <span class='ocrx_word' id='word_1_194' title='bbox 282 2632 473 2690; x_wconf 75' lang='lat' dir='ltr'><strong>uniuersitatis</strong></span> <span class='ocrx_word' id='word_1_195' title='bbox 495 2635 678 2703; x_wconf 87' lang='lat' dir='ltr'><strong>Cantebrigie</strong></span> <span class='ocrx_word' id='word_1_196' title='bbox 702 2645 754 2690; x_wconf 91' lang='lat' dir='ltr'><strong>etc.</strong></span> <span class='ocrx_word' id='word_1_197' title='bbox 794 2636 872 2690; x_wconf 90' lang='lat' dir='ltr'><strong>Dicit</strong></span> <span class='ocrx_word' id='word_1_198' title='bbox 893 2635 968 2691; x_wconf 89' lang='lat' dir='ltr'><strong>enirn</strong></span> <span class='ocrx_word' id='word_1_199' title='bbox 991 2638 1067 2707; x_wconf 91' lang='lat' dir='ltr'><strong>quod</strong></span> <span class='ocrx_word' id='word_1_200' title='bbox 1089 2640 1264 2695; x_wconf 89' lang='lat' dir='ltr'><strong>consuetudo</strong></span> 
     </span>
     <span class='ocr_line' id='line_1_24' title="bbox 155 2721 1264 2797; baseline 0.007 -23"><span class='ocrx_word' id='word_1_201' title='bbox 155 2721 346 2777; x_wconf 77' lang='lat' dir='ltr'><strong>uniuersitatis</strong></span> <span class='ocrx_word' id='word_1_202' title='bbox 364 2722 489 2792; x_wconf 88' lang='lat' dir='ltr'><strong>predicte</strong></span> <span class='ocrx_word' id='word_1_203' title='bbox 507 2722 573 2777; x_wconf 81' lang='lat' dir='ltr'><strong>talis</strong></span> <span class='ocrx_word' id='word_1_204' title='bbox 597 2732 640 2777; x_wconf 90' lang='lat' dir='ltr'><strong>est</strong></span> <span class='ocrx_word' id='word_1_205' title='bbox 658 2723 734 2794; x_wconf 93' lang='lat' dir='ltr'><strong>quod</strong></span> <span class='ocrx_word' id='word_1_206' title='bbox 752 2725 810 2778; x_wconf 91' lang='lat' dir='ltr'><strong>duo</strong></span> <span class='ocrx_word' id='word_1_207' title='bbox 829 2724 954 2793; x_wconf 83' lang='lat' dir='ltr'><strong>magistri</strong></span> <span class='ocrx_word' id='word_1_208' title='bbox 980 2735 1008 2780; x_wconf 91' lang='lat' dir='ltr'><strong>et</strong></span> <span class='ocrx_word' id='word_1_209' title='bbox 1033 2726 1089 2780; x_wconf 90' lang='lat' dir='ltr'><strong>duo</strong></span> <span class='ocrx_word' id='word_1_210' title='bbox 1111 2727 1264 2797; x_wconf 85' lang='lat' dir='ltr'><strong>burgenses</strong></span> 
     </span>
     <span class='ocr_line' id='line_1_25' title="bbox 154 2810 1264 2884; baseline 0.005 -19"><span class='ocrx_word' id='word_1_211' title='bbox 154 2810 281 2866; x_wconf 87' lang='lat' dir='ltr'><strong>eiusdem</strong></span> <span class='ocrx_word' id='word_1_212' title='bbox 295 2812 359 2866; x_wconf 90' lang='lat' dir='ltr'><strong>ville</strong></span> <span class='ocrx_word' id='word_1_213' title='bbox 372 2812 407 2868; x_wconf 90' lang='lat' dir='ltr'><strong>de</strong></span> <span class='ocrx_word' id='word_1_214' title='bbox 420 2812 614 2883; x_wconf 88' lang='lat' dir='ltr'><strong>quinquennio</strong></span> <span class='ocrx_word' id='word_1_215' title='bbox 627 2812 656 2867; x_wconf 91' lang='lat' dir='ltr'><strong>in</strong></span> <span class='ocrx_word' id='word_1_216' title='bbox 669 2812 892 2884; x_wconf 88' lang='lat' dir='ltr'><strong>quinquennium</strong></span> <span class='ocrx_word' id='word_1_217' title='bbox 903 2815 1038 2869; x_wconf 85' lang='lat' dir='ltr'><strong>taxabunt</strong></span> <span class='ocrx_word' id='word_1_218' title='bbox 1051 2831 1151 2870; x_wconf 89' lang='lat' dir='ltr'><strong>omnes</strong></span> <span class='ocrx_word' id='word_1_219' title='bbox 1162 2816 1264 2871; x_wconf 88' lang='lat' dir='ltr'><strong>domos</strong></span> 
     </span>
    </p>

    <p class='ocr_par' dir='ltr' id='par_1_12' title="bbox 155 2899 1265 3153">
     <span class='ocr_line' id='line_1_26' title="bbox 155 2899 1264 2972; baseline 0.007 -20"><span class='ocrx_word' id='word_1_220' title='bbox 155 2917 207 2970; x_wconf 89' lang='lat' dir='ltr'><strong>pro</strong></span> <span class='ocrx_word' id='word_1_221' title='bbox 231 2899 385 2955; x_wconf 84' lang='lat' dir='ltr'><strong>scolaribus</strong></span> <span class='ocrx_word' id='word_1_222' title='bbox 407 2900 437 2954; x_wconf 91' lang='lat' dir='ltr'><strong>in</strong></span> <span class='ocrx_word' id='word_1_223' title='bbox 461 2900 571 2955; x_wconf 87' lang='lat' dir='ltr'><strong>eisdem</strong></span> <span class='ocrx_word' id='word_1_224' title='bbox 594 2901 787 2955; x_wconf 89' lang='lat' dir='ltr'><strong>inhabitandis</strong></span> <span class='ocrx_word' id='word_1_225' title='bbox 810 2920 861 2972; x_wconf 88' lang='lat' dir='ltr'><strong>per</strong></span> <span class='ocrx_word' id='word_1_226' title='bbox 885 2914 992 2958; x_wconf 87' lang='lat' dir='ltr'><strong>cartam</strong></span> <span class='ocrx_word' id='word_1_227' title='bbox 1014 2904 1121 2959; x_wconf 89' lang='lat' dir='ltr'><strong>domini</strong></span> <span class='ocrx_word' id='word_1_228' title='bbox 1147 2905 1264 2960; x_wconf 88' lang='lat' dir='ltr'><strong>Henrici</strong></span> 
     </span>
     <span class='ocr_line' id='line_1_27' title="bbox 157 2988 1265 3066; baseline 0.007 -23"><span class='ocrx_word' id='word_1_229' title='bbox 157 2989 260 3059; x_wconf 80' lang='lat' dir='ltr'><strong>Regis³</strong></span> <span class='ocrx_word' id='word_1_230' title='bbox 278 3005 364 3060; x_wconf 89' lang='lat' dir='ltr'><strong>quam</strong></span> <span class='ocrx_word' id='word_1_231' title='bbox 382 2988 489 3059; x_wconf 78' lang='lat' dir='ltr'><strong>profert</strong></span> <span class='ocrx_word' id='word_1_232' title='bbox 507 3000 534 3045; x_wconf 88' lang='lat' dir='ltr'><strong>et</strong></span> <span class='ocrx_word' id='word_1_233' title='bbox 552 3006 608 3061; x_wconf 90' lang='lat' dir='ltr'><strong>que</strong></span> <span class='ocrx_word' id='word_1_234' title='bbox 623 2990 678 3045; x_wconf 93' lang='lat' dir='ltr'><strong>hoc</strong></span> <span class='ocrx_word' id='word_1_235' title='bbox 694 2992 834 3046; x_wconf 83' lang='lat' dir='ltr'><strong>testatur⁴.</strong></span> <span class='ocrx_word' id='word_1_236' title='bbox 873 2994 911 3047; x_wconf 86' lang='lat' dir='ltr'><strong>Et</strong></span> <span class='ocrx_word' id='word_1_237' title='bbox 928 2992 1089 3064; x_wconf 90' lang='lat' dir='ltr'><strong>dicitquod</strong></span> <span class='ocrx_word' id='word_1_238' title='bbox 1106 2994 1166 3065; x_wconf 90' lang='lat' dir='ltr'><strong>ipse</strong></span> <span class='ocrx_word' id='word_1_239' title='bbox 1181 3012 1265 3066; x_wconf 87' lang='lat' dir='ltr'><strong>super</strong></span> 
     </span>
     <span class='ocr_line' id='line_1_28' title="bbox 156 3078 1263 3153; baseline 0.007 -22"><span class='ocrx_word' id='word_1_240' title='bbox 156 3078 317 3133; x_wconf 90' lang='lat' dir='ltr'><strong>huiusmodi</strong></span> <span class='ocrx_word' id='word_1_241' title='bbox 330 3078 507 3133; x_wconf 86' lang='lat' dir='ltr'><strong>taxacionem</strong></span> <span class='ocrx_word' id='word_1_242' title='bbox 525 3080 653 3149; x_wconf 88' lang='lat' dir='ltr'><strong>predicto</strong></span> <span class='ocrx_word' id='word_1_243' title='bbox 672 3080 761 3135; x_wconf 91' lang='lat' dir='ltr'><strong>Priori</strong></span> <span class='ocrx_word' id='word_1_244' title='bbox 778 3098 830 3152; x_wconf 90' lang='lat' dir='ltr'><strong>pro</strong></span> <span class='ocrx_word' id='word_1_245' title='bbox 847 3082 974 3152; x_wconf 86' lang='lat' dir='ltr'><strong>predicto</strong></span> <span class='ocrx_word' id='word_1_246' title='bbox 991 3085 1136 3153; x_wconf 82' lang='lat' dir='ltr'><strong>mesuagio</strong></span> <span class='ocrx_word' id='word_1_247' title='bbox 1153 3086 1263 3139; x_wconf 86' lang='lat' dir='ltr'><strong>soluen-</strong></span> 
     </span>
    </p>

    <p class='ocr_par' dir='ltr' id='par_1_13' title="bbox 156 3165 1264 3330">
     <span class='ocr_line' id='line_1_29' title="bbox 157 3165 1264 3239; baseline 0.008 -19"><span class='ocrx_word' id='word_1_248' title='bbox 157 3166 224 3220; x_wconf 91' lang='lat' dir='ltr'><strong>dam</strong></span> <span class='ocrx_word' id='word_1_249' title='bbox 247 3165 414 3220; x_wconf 89' lang='lat' dir='ltr'><strong>caucionem</strong></span> <span class='ocrx_word' id='word_1_250' title='bbox 438 3166 538 3236; x_wconf 91' lang='lat' dir='ltr'><strong>optulit</strong></span> <span class='ocrx_word' id='word_1_251' title='bbox 560 3180 622 3236; x_wconf 79' lang='lat' dir='ltr'><strong>etc,</strong></span> <span class='ocrx_word' id='word_1_252' title='bbox 642 3178 671 3223; x_wconf 91' lang='lat' dir='ltr'><strong>et</strong></span> <span class='ocrx_word' id='word_1_253' title='bbox 695 3168 764 3239; x_wconf 88' lang='lat' dir='ltr'><strong>quia</strong></span> <span class='ocrx_word' id='word_1_254' title='bbox 787 3169 864 3225; x_wconf 91' lang='lat' dir='ltr'><strong>idern</strong></span> <span class='ocrx_word' id='word_1_255' title='bbox 890 3172 970 3225; x_wconf 91' lang='lat' dir='ltr'><strong>Prior</strong></span> <span class='ocrx_word' id='word_1_256' title='bbox 990 3174 1078 3227; x_wconf 90' lang='lat' dir='ltr'><strong>noluit</strong></span> <span class='ocrx_word' id='word_1_257' title='bbox 1098 3173 1264 3229; x_wconf 76' lang='lat' dir='ltr'><strong>cautionem</strong></span> 
     </span>
     <span class='ocr_line' id='line_1_30' title="bbox 156 3253 1264 3330; baseline 0.01 -22"><span class='ocrx_word' id='word_1_258' title='bbox 156 3253 233 3308; x_wconf 88' lang='lat' dir='ltr'><strong>illam</strong></span> <span class='ocrx_word' id='word_1_259' title='bbox 246 3254 370 3325; x_wconf 90' lang='lat' dir='ltr'><strong>recipere</strong></span> <span class='ocrx_word' id='word_1_260' title='bbox 384 3255 444 3325; x_wconf 88' lang='lat' dir='ltr'><strong>ipse</strong></span> <span class='ocrx_word' id='word_1_261' title='bbox 457 3255 536 3310; x_wconf 91' lang='lat' dir='ltr'><strong>dedit</strong></span> <span class='ocrx_word' id='word_1_262' title='bbox 553 3257 719 3312; x_wconf 90' lang='lat' dir='ltr'><strong>caucionem</strong></span> <span class='ocrx_word' id='word_1_263' title='bbox 737 3259 914 3314; x_wconf 88' lang='lat' dir='ltr'><strong>Cancellario</strong></span> <span class='ocrx_word' id='word_1_264' title='bbox 932 3261 1057 3330; x_wconf 87' lang='lat' dir='ltr'><strong>predicte</strong></span> <span class='ocrx_word' id='word_1_265' title='bbox 1073 3263 1264 3319; x_wconf 82' lang='lat' dir='ltr'><strong>uniuersitatis</strong></span> 
     </span>
    </p>

    <p class='ocr_par' dir='ltr' id='par_1_14' title="bbox 156 3341 1265 3414">
     <span class='ocr_line' id='line_1_31' title="bbox 156 3341 1265 3414; baseline 0.012 -19"><span class='ocrx_word' id='word_1_266' title='bbox 156 3359 208 3412; x_wconf 93' lang='lat' dir='ltr'><strong>pro</strong></span> <span class='ocrx_word' id='word_1_267' title='bbox 220 3341 346 3411; x_wconf 88' lang='lat' dir='ltr'><strong>predicto</strong></span> <span class='ocrx_word' id='word_1_268' title='bbox 358 3344 514 3413; x_wconf 83' lang='lat' dir='ltr'><strong>mesuagio,</strong></span> <span class='ocrx_word' id='word_1_269' title='bbox 527 3356 610 3414; x_wconf 89' lang='lat' dir='ltr'><strong>prout</strong></span> <span class='ocrx_word' id='word_1_270' title='bbox 627 3345 715 3399; x_wconf 89' lang='lat' dir='ltr'><strong>moris</strong></span> <span class='ocrx_word' id='word_1_271' title='bbox 732 3358 774 3402; x_wconf 89' lang='lat' dir='ltr'><strong>est</strong></span> <span class='ocrx_word' id='word_1_272' title='bbox 792 3348 820 3401; x_wconf 94' lang='lat' dir='ltr'><strong>in</strong></span> <span class='ocrx_word' id='word_1_273' title='bbox 839 3348 939 3403; x_wconf 86' lang='lat' dir='ltr'><strong>eadem</strong></span> <span class='ocrx_word' id='word_1_274' title='bbox 956 3349 1144 3407; x_wconf 86' lang='lat' dir='ltr'><strong>vniuersitate</strong></span> <span class='ocrx_word' id='word_1_275' title='bbox 1183 3354 1265 3409; x_wconf 92' lang='lat' dir='ltr'><strong>Vnde</strong></span> 
     </span>
    </p>

    <p class='ocr_par' dir='ltr' id='par_1_15' title="bbox 155 3428 1266 3770">
     <span class='ocr_line' id='line_1_32' title="bbox 156 3428 1265 3500; baseline 0.014 -18"><span class='ocrx_word' id='word_1_276' title='bbox 156 3430 226 3500; x_wconf 89' lang='lat' dir='ltr'><strong>petit</strong></span> <span class='ocrx_word' id='word_1_277' title='bbox 235 3428 374 3499; x_wconf 87' lang='lat' dir='ltr'><strong>judicium</strong></span> <span class='ocrx_word' id='word_1_278' title='bbox 387 3432 408 3485; x_wconf 93' lang='lat' dir='ltr'><strong>si</strong></span> <span class='ocrx_word' id='word_1_279' title='bbox 423 3433 515 3487; x_wconf 90' lang='lat' dir='ltr'><strong>assisa</strong></span> <span class='ocrx_word' id='word_1_280' title='bbox 532 3433 592 3488; x_wconf 88' lang='lat' dir='ltr'><strong>fieri</strong></span> <span class='ocrx_word' id='word_1_281' title='bbox 609 3433 676 3490; x_wconf 92' lang='lat' dir='ltr'><strong>inde</strong></span> <span class='ocrx_word' id='word_1_282' title='bbox 692 3435 796 3492; x_wconf 90' lang='lat' dir='ltr'><strong>debeat</strong></span> <span class='ocrx_word' id='word_1_283' title='bbox 814 3438 851 3493; x_wconf 92' lang='lat' dir='ltr'><strong>de</strong></span> <span class='ocrx_word' id='word_1_284' title='bbox 864 3437 936 3492; x_wconf 92' lang='lat' dir='ltr'><strong>sicut</strong></span> <span class='ocrx_word' id='word_1_285' title='bbox 954 3439 1029 3494; x_wconf 91' lang='lat' dir='ltr'><strong>idem</strong></span> <span class='ocrx_word' id='word_1_286' title='bbox 1043 3442 1123 3496; x_wconf 92' lang='lat' dir='ltr'><strong>Prior</strong></span> <span class='ocrx_word' id='word_1_287' title='bbox 1134 3460 1209 3497; x_wconf 91' lang='lat' dir='ltr'><strong>nunc</strong></span> <span class='ocrx_word' id='word_1_288' title='bbox 1223 3454 1265 3499; x_wconf 91' lang='lat' dir='ltr'><strong>est</strong></span> 
     </span>
     <span class='ocr_line' id='line_1_33' title="bbox 156 3519 1266 3603; baseline 0.014 -31"><span class='ocrx_word' id='word_1_289' title='bbox 156 3520 277 3588; x_wconf 82' lang='lat' dir='ltr'><strong>seysitus</strong></span> <span class='ocrx_word' id='word_1_290' title='bbox 301 3519 337 3574; x_wconf 88' lang='lat' dir='ltr'><strong>de</strong></span> <span class='ocrx_word' id='word_1_291' title='bbox 357 3521 446 3576; x_wconf 90' lang='lat' dir='ltr'><strong>libero</strong></span> <span class='ocrx_word' id='word_1_292' title='bbox 464 3532 628 3578; x_wconf 88' lang='lat' dir='ltr'><strong>tenemento</strong></span> <span class='ocrx_word' id='word_1_293' title='bbox 646 3522 774 3579; x_wconf 89' lang='lat' dir='ltr'><strong>eiusdem</strong></span> <span class='ocrx_word' id='word_1_294' title='bbox 792 3526 929 3597; x_wconf 83' lang='lat' dir='ltr'><strong>mesuagij</strong></span> <span class='ocrx_word' id='word_1_295' title='bbox 950 3529 973 3582; x_wconf 91' lang='lat' dir='ltr'><strong>si</strong></span> <span class='ocrx_word' id='word_1_296' title='bbox 992 3529 1060 3584; x_wconf 89' lang='lat' dir='ltr'><strong>velit</strong></span> <span class='ocrx_word' id='word_1_297' title='bbox 1081 3541 1133 3586; x_wconf 91' lang='lat' dir='ltr'><strong>etc.</strong></span> <span class='ocrx_word' id='word_1_298' title='bbox 1156 3542 1185 3587; x_wconf 90' lang='lat' dir='ltr'><strong>et</strong></span> <span class='ocrx_word' id='word_1_299' title='bbox 1204 3532 1266 3603; x_wconf 91' lang='lat' dir='ltr'><strong>ipse</strong></span> 
     </span>
     <span class='ocr_line' id='line_1_34' title="bbox 156 3605 1265 3689; baseline 0.014 -27"><span class='ocrx_word' id='word_1_300' title='bbox 156 3618 271 3678; x_wconf 85' lang='lat' dir='ltr'><strong>paratus</strong></span> <span class='ocrx_word' id='word_1_301' title='bbox 289 3605 356 3680; x_wconf 87' lang='lat' dir='ltr'><strong>[est]</strong></span> <span class='ocrx_word' id='word_1_302' title='bbox 374 3611 483 3666; x_wconf 87' lang='lat' dir='ltr'><strong>soluere</strong></span> <span class='ocrx_word' id='word_1_303' title='bbox 502 3612 595 3668; x_wconf 85' lang='lat' dir='ltr'><strong>eidem</strong></span> <span class='ocrx_word' id='word_1_304' title='bbox 614 3612 704 3669; x_wconf 89' lang='lat' dir='ltr'><strong>Priori</strong></span> <span class='ocrx_word' id='word_1_305' title='bbox 722 3631 775 3685; x_wconf 91' lang='lat' dir='ltr'><strong>pro</strong></span> <span class='ocrx_word' id='word_1_306' title='bbox 792 3616 920 3687; x_wconf 89' lang='lat' dir='ltr'><strong>predicto</strong></span> <span class='ocrx_word' id='word_1_307' title='bbox 941 3619 1087 3689; x_wconf 85' lang='lat' dir='ltr'><strong>mesuagio</strong></span> <span class='ocrx_word' id='word_1_308' title='bbox 1109 3622 1265 3678; x_wconf 89' lang='lat' dir='ltr'><strong>secundum</strong></span> 
     </span>
     <span class='ocr_line' id='line_1_35' title="bbox 155 3695 579 3770; baseline 0.017 -20"><span class='ocrx_word' id='word_1_309' title='bbox 155 3695 334 3753; x_wconf 80' lang='lat' dir='ltr'><strong>taxacionem</strong></span> <span class='ocrx_word' id='word_1_310' title='bbox 351 3699 507 3770; x_wconf 86' lang='lat' dir='ltr'><strong>prodictam</strong></span> <span class='ocrx_word' id='word_1_311' title='bbox 527 3710 579 3757; x_wconf 90' lang='lat' dir='ltr'><strong>etc.</strong></span> 
     </span>
    </p>
   </div>
   <div class='ocr_carea' id='block_1_10' title="bbox 211 3787 1365 3901">
    <p class='ocr_par' dir='ltr' id='par_1_16' title="bbox 211 3787 1365 3901">
     <span class='ocr_line' id='line_1_36' title="bbox 211 3787 1365 3901; baseline 0.012 -59"><span class='ocrx_word' id='word_1_312' title='bbox 211 3787 249 3842; x_wconf 87' lang='lat' dir='ltr'><strong>Et</strong></span> <span class='ocrx_word' id='word_1_313' title='bbox 273 3787 353 3842; x_wconf 90' lang='lat' dir='ltr'><strong>Prior</strong></span> <span class='ocrx_word' id='word_1_314' title='bbox 377 3788 446 3844; x_wconf 92' lang='lat' dir='ltr'><strong>dicit</strong></span> <span class='ocrx_word' id='word_1_315' title='bbox 470 3791 547 3861; x_wconf 88' lang='lat' dir='ltr'><strong>quod</strong></span> <span class='ocrx_word' id='word_1_316' title='bbox 571 3791 714 3862; x_wconf 91' lang='lat' dir='ltr'><strong>predictus</strong></span> <span class='ocrx_word' id='word_1_317' title='bbox 738 3794 874 3864; x_wconf 84' lang='lat' dir='ltr'><strong>magister</strong></span> <span class='ocrx_word' id='word_1_318' title='bbox 894 3796 1033 3852; x_wconf 83' lang='lat' dir='ltr'><strong>Radulius</strong></span> <span class='ocrx_word' id='word_1_319' title='bbox 1057 3799 1201 3869; x_wconf 87' lang='lat' dir='ltr'><strong>ingressus</strong></span> <span class='ocrx_word' id='word_1_320' title='bbox 1222 3809 1315 3901; x_wconf 46' lang='lat' dir='ltr'><strong>estat</strong></span> <span class='ocrx_word' id='word_1_321' title='bbox 1334 3807 1365 3849; x_wconf 84' lang='lat' dir='ltr'><strong>n·</strong></span> 
     </span>
    </p>
   </div>
   <div class='ocr_carea' id='block_1_11' title="bbox 157 3859 1408 3957">
    <p class='ocr_par' dir='ltr' id='par_1_17' title="bbox 157 3859 1408 3957">
     <span class='ocr_line' id='line_1_37' title="bbox 157 3859 1408 3957; baseline 0.015 -29"><span class='ocrx_word' id='word_1_322' title='bbox 157 3875 315 3944; x_wconf 88' lang='lat' dir='ltr'><strong>predictum</strong></span> <span class='ocrx_word' id='word_1_323' title='bbox 328 3878 505 3947; x_wconf 88' lang='lat' dir='ltr'><strong>mesuagium</strong></span> <span class='ocrx_word' id='word_1_324' title='bbox 523 3879 584 3933; x_wconf 90' lang='lat' dir='ltr'><strong>sine</strong></span> <span class='ocrx_word' id='word_1_325' title='bbox 600 3875 720 3935; x_wconf 88' lang='lat' dir='ltr'><strong>licencia</strong></span> <span class='ocrx_word' id='word_1_326' title='bbox 736 3890 764 3934; x_wconf 91' lang='lat' dir='ltr'><strong>et</strong></span> <span class='ocrx_word' id='word_1_327' title='bbox 777 3883 923 3938; x_wconf 90' lang='lat' dir='ltr'><strong>uoluntate</strong></span> <span class='ocrx_word' id='word_1_328' title='bbox 937 3884 1024 3955; x_wconf 87' lang='lat' dir='ltr'><strong>ipsius</strong></span> <span class='ocrx_word' id='word_1_329' title='bbox 1039 3887 1151 3957; x_wconf 87' lang='lat' dir='ltr'><strong>Prioris,</strong></span> <span class='ocrx_word' id='word_1_330' title='bbox 1163 3898 1192 3944; x_wconf 91' lang='lat' dir='ltr'><strong>et</strong></span> <span class='ocrx_word' id='word_1_331' title='bbox 1205 3888 1265 3944; x_wconf 90' lang='lat' dir='ltr'><strong>sine</strong></span> <span class='ocrx_word' id='word_1_332' title='bbox 1279 3859 1408 3952; x_wconf 54' lang='lat' dir='ltr'><strong>mihil.</strong></span> 
     </span>
    </p>
   </div>
   <div class='ocr_carea' id='block_1_12' title="bbox 159 4003 1265 4404">
    <p class='ocr_par' dir='ltr' id='par_1_18' title="bbox 207 4003 452 4073">
     <span class='ocr_line' id='line_1_38' title="bbox 207 4003 452 4073; baseline 0.016 -16"><span class='ocrx_word' id='word_1_333' title='bbox 207 4003 215 4036; x_wconf 90' lang='lat'><strong>¹</strong></span> <span class='ocrx_word' id='word_1_334' title='bbox 232 4007 382 4073; x_wconf 72' lang='lat' dir='ltr'><strong>dissepsiuit,</strong></span> <span class='ocrx_word' id='word_1_335' title='bbox 396 4010 452 4062; x_wconf 87' lang='lat' dir='ltr'><strong>MS.</strong></span> 
     </span>
    </p>

    <p class='ocr_par' dir='ltr' id='par_1_19' title="bbox 206 4088 403 4153">
     <span class='ocr_line' id='line_1_39' title="bbox 206 4088 403 4153; baseline 0 -13"><span class='ocrx_word' id='word_1_336' title='bbox 206 4088 218 4119; x_wconf 82' lang='lat'><strong>¹</strong></span> <span class='ocrx_word' id='word_1_337' title='bbox 233 4090 331 4153; x_wconf 77' lang='lat' dir='ltr'><strong>clamei,</strong></span> <span class='ocrx_word' id='word_1_338' title='bbox 345 4092 403 4144; x_wconf 88' lang='lat' dir='ltr'><strong>MS.</strong></span> 
     </span>
    </p>

    <p class='ocr_par' dir='ltr' id='par_1_20' title="bbox 207 4172 972 4241">
     <span class='ocr_line' id='line_1_40' title="bbox 207 4172 972 4241; baseline 0.01 -17"><span class='ocrx_word' id='word_1_339' title='bbox 207 4172 218 4205; x_wconf 82' lang='lat'><strong>³</strong></span> <span class='ocrx_word' id='word_1_340' title='bbox 236 4173 308 4225; x_wconf 77' lang='lat' dir='ltr'><strong>Alter</strong></span> <span class='ocrx_word' id='word_1_341' title='bbox 320 4175 397 4241; x_wconf 88' lang='lat' dir='ltr'><strong>Regis</strong></span> <span class='ocrx_word' id='word_1_342' title='bbox 407 4176 451 4227; x_wconf 89' lang='lat' dir='ltr'><strong>the</strong></span> <span class='ocrx_word' id='word_1_343' title='bbox 462 4177 542 4228; x_wconf 84' lang='lat' dir='ltr'><strong>scribe</strong></span> <span class='ocrx_word' id='word_1_344' title='bbox 553 4178 598 4229; x_wconf 76' lang='lat' dir='ltr'><strong>bes</strong></span> <span class='ocrx_word' id='word_1_345' title='bbox 610 4180 708 4230; x_wconf 81' lang='lat' dir='ltr'><strong>written</strong></span> <span class='ocrx_word' id='word_1_346' title='bbox 722 4180 972 4234; x_wconf 81' lang='lat' dir='ltr'><strong>‘Ciuit’=Ciritatis.</strong></span> 
     </span>
    </p>

    <p class='ocr_par' dir='ltr' id='par_1_21' title="bbox 159 4256 1265 4404">
     <span class='ocr_line' id='line_1_41' title="bbox 206 4256 1265 4333; baseline 0.016 -27"><span class='ocrx_word' id='word_1_347' title='bbox 206 4256 218 4288; x_wconf 82' lang='lat'><strong>⁴</strong></span> <span class='ocrx_word' id='word_1_348' title='bbox 236 4258 305 4307; x_wconf 88' lang='lat' dir='ltr'><strong>Hen.</strong></span> <span class='ocrx_word' id='word_1_349' title='bbox 323 4259 386 4317; x_wconf 71' lang='lat'><strong>111,</strong></span> <span class='ocrx_word' id='word_1_350' title='bbox 402 4276 418 4324; x_wconf 75' lang='lat'>3</span> <span class='ocrx_word' id='word_1_351' title='bbox 435 4260 506 4325; x_wconf 84' lang='lat' dir='ltr'><strong>May,</strong></span> <span class='ocrx_word' id='word_1_352' title='bbox 524 4277 595 4327; x_wconf 76' lang='lat'><strong>1231,</strong></span> <span class='ocrx_word' id='word_1_353' title='bbox 606 4262 742 4314; x_wconf 77' lang='lat' dir='ltr'><strong>addressed</strong></span> <span class='ocrx_word' id='word_1_354' title='bbox 760 4271 787 4314; x_wconf 91' lang='lat' dir='ltr'><strong>to</strong></span> <span class='ocrx_word' id='word_1_355' title='bbox 804 4265 846 4319; x_wconf 85' lang='lat' dir='ltr'><strong>the</strong></span> <span class='ocrx_word' id='word_1_356' title='bbox 865 4266 955 4333; x_wconf 80' lang='lat' dir='ltr'><strong>Mayor</strong></span> <span class='ocrx_word' id='word_1_357' title='bbox 969 4268 1019 4317; x_wconf 77' lang='lat' dir='ltr'><strong>and</strong></span> <span class='ocrx_word' id='word_1_358' title='bbox 1037 4268 1131 4320; x_wconf 82' lang='lat' dir='ltr'><strong>Bailills</strong></span> <span class='ocrx_word' id='word_1_359' title='bbox 1148 4271 1177 4321; x_wconf 88' lang='lat' dir='ltr'><strong>ol</strong></span> <span class='ocrx_word' id='word_1_360' title='bbox 1190 4272 1265 4323; x_wconf 85' lang='lat' dir='ltr'><strong>Cam·</strong></span> 
     </span>
     <span class='ocr_line' id='line_1_42' title="bbox 159 4338 448 4404; baseline 0 -14"><span class='ocrx_word' id='word_1_361' title='bbox 159 4338 256 4404; x_wconf 82' lang='lat' dir='ltr'><strong>bridge.</strong></span> <span class='ocrx_word' id='word_1_362' title='bbox 291 4341 349 4390; x_wconf 83' lang='lat' dir='ltr'><strong>Rot.</strong></span> <span class='ocrx_word' id='word_1_363' title='bbox 362 4340 448 4392; x_wconf 77' lang='lat' dir='ltr'><strong>Claus.</strong></span> 
     </span>
    </p>
   </div>
   <div class='ocr_carea' id='block_1_13' title="bbox 0 0 1606 5067">
    <p class='ocr_par' dir='ltr' id='par_1_22' title="bbox 0 0 1606 5067">
     <span class='ocr_line' id='line_1_43' title="bbox 0 0 1606 5067; baseline 0 0"><span class='ocrx_word' id='word_1_364' title='bbox 0 0 1606 5067; x_wconf 95' lang='lat' dir='ltr'><strong> </strong></span> 
     </span>
    </p>
   </div>
  </div>
 </body>
</html>
