3192 5067
139 322 196 422 vr]
463 322 656 397 Hundred
675 321 724 417 of
743 319 925 416 Chilford
1176 336 1246 409 253

205 506 710 592 Haselingfeldfflaslingfield}
756 505 950 589 Stephanus
959 504 1002 569 de
1013 503 1145 569 Sumeri
1157 509 1250 566 tenet

142 614 276 679 feodum
298 613 428 678 dimidii
453 615 567 678 militis
588 613 631 678 de
651 611 790 676 domino
808 612 901 694 Rege
916 612 950 674 in
966 610 1085 693 capite,
1100 619 1135 672 et
1150 607 1251 672 debet

142 720 168 782 .i.
186 727 312 784 sectam
334 727 368 782 et
388 718 432 782 de
452 717 581 782 auxilio
596 717 801 780 vicecomitis
819 738 882 780 vs.
930 714 1060 779 ibidem
1083 712 1249 775 Robertus

141 825 185 889 de
217 823 372 889 Scalariis
402 822 503 886 debet
533 823 561 886 .i.
592 829 718 886 sectam
750 830 783 884 et
814 821 857 884 de
886 818 1015 884 auxilio
1044 817 1250 882 vicecomitis

143 927 243 1009 .xij.d.
289 928 448 991 Priorissa
463 926 506 990 de
522 924 689 990 Stratiord
711 934 804 989 tenet
826 923 961 988 feodum
984 921 1114 986 dimidii
1136 920 1250 983 militis

142 1033 185 1096 de
211 1030 344 1098 Comite
368 1033 411 1096 de
439 1030 634 1096 Mandeuili.
681 1029 812 1095 ibidem
844 1029 958 1112 Roger
986 1027 1030 1091 de
1061 1024 1249 1090 Meideford

144 1147 237 1226 tenet
260 1137 289 1220 .j.
316 1135 430 1200 hidam
457 1146 491 1201 et
515 1135 691 1201 dimidiam
719 1135 762 1200 de
792 1134 930 1199 Abbate
960 1131 1163 1196 Eboracensi
1194 1150 1252 1212 per

144 1242 324 1324 socagium,
350 1251 385 1305 et
411 1240 511 1306 debet
542 1251 677 1306 sectam.
732 1238 862 1305 Ibidem
892 1247 972 1302 sunt
1002 1237 1079 1300 ‚xiii
1110 1233 1189 1300 hide
1218 1243 1253 1296 et

145 1344 285 1411 dimidia
307 1345 499 1428 geldabiles.

367 1611 572 1676 Hundredus
592 1611 634 1675 de
657 1611 812 1692 Chilsord
832 1611 1020 1696 [chilfordJ.

212 1765 368 1850 Caumpes
383 1765 675 1850 [Castie·Camps].
721 1766 843 1832 Comes
859 1766 1004 1831 Oxonie.

211 1872 423 1954 Sudecampes
466 1869 765 1954 [Shudy·Camps].
834 1870 1031 1935 Wiilelmus·
1069 1871 1172 1933 Burre
1216 1880 1251 1933 et

146 1977 324 2061 participes
348 1978 398 2040 sui
414 1985 530 2041 teuent
552 1976 688 2040 feodum
706 1977 734 2058 .j.
757 1977 872 2041 militis
894 1975 937 2040 de
961 1976 1098 2039 baronia
1118 1974 1252 2038 Ricardi

147 2082 189 2145 de
214 2079 405 2145 Muufichet.
454 2081 583 2145 Ibidem
603 2080 790 2144 Willelmus
813 2079 857 2144 de
881 2079 1079 2162 Knapweiie
1102 2078 1202 2142 debet
1225 2080 1252 2142 .i.

147 2195 272 2250 sectam
299 2206 361 2268 pro
387 2184 561 2250 totavilla
586 2205 803 2268 perannum.
849 2183 980 2249 Ibidem
1007 2193 1086 2248 sunt
1112 2183 1152 2265 .ij.
1176 2182 1254 2247 hide

147 2288 338 2372 geldabiles.

213 2393 403 2475 Nostrcscld
422 2393 640 2478 [Nosterfield
662 2395 694 2457 in
713 2391 1000 2476 Shudy-Camsz.
1043 2391 1193 2456 Feodum
1210 2392 1253 2455 de

149 2500 289 2564 Berners
315 2508 350 2562 et
377 2498 511 2562 feodum
537 2499 658 2562 Prioris
680 2498 724 2562 de
749 2496 889 2562 Hatfeid
912 2496 1037 2561 debent
1059 2497 1103 2561 de
1124 2497 1253 2561 auxilio

147 2603 355 2668 vicecomitis
377 2603 536 2686 ,xxviijd

214 2706 341 2771 Enhale
356 2707 447 2791 [Yen
466 2707 546 2772 Hali
564 2708 595 2771 in
614 2709 709 2772 West
725 2705 927 2792 Wickham].
973 2707 1196 2791 Baldewynus
1211 2709 1253 2772 de

150 2813 283 2894 Roseye
313 2820 405 2875 tenet
434 2811 464 2893 .j.
494 2811 608 2875 hidam
639 2821 725 2876 terre
755 2810 957 2895 geldabiiem
989 2833 1047 2895 per
1076 2815 1252 2877 seruicium

149 2915 236 2980 feodi
260 2915 289 2997 .j.
303 2914 429 3008 ‚militis
453 2914 496 2978 de
518 2913 644 2978 honore
666 2914 709 2979 de
729 2915 964 2999 Wyrmegeye.
1010 2915 1141 2980 Ibidem
1164 2917 1253 2980 idem

150 3020 371 3103 Baidewynus
386 3019 488 3084 debet
503 3019 532 3084 .i.
548 3029 673 3083 sectam
693 3028 727 3083 et
742 3019 785 3084 de
800 3021 930 3084 auxilio
944 3022 1150 3086 vicecomitis
1165 3021 1254 3103 .iiijs.

149 3145 359 3210 perannum.
405 3123 500 3189 Clar'.

224 3227 368 3293 Wiclram
411 3226 522 3311 [West
563 3227 765 3311 Wickham].
833 3229 1021 3294 Wisseimus
1063 3231 1181 3294 Rossel
1222 3241 1256 3295 et

150 3333 342 3418 Stephanus
378 3331 420 3396 de
458 3331 559 3414 Haya
593 3341 710 3396 tenent
744 3332 785 3413 .ij.
820 3332 918 3397 hidas
953 3344 1040 3398 terre
1076 3334 1120 3398 de
1157 3333 1256 3399 seodo

149 3436 291 3505 Comitis
314 3433 450 3500 Oxonie
471 3435 514 3500 de
535 3435 659 3498 honore
676 3434 901 3500 Richmondie
921 3458 980 3520 per
997 3439 1174 3503 seruicium
1190 3437 1254 3522 .iiij.

150 3542 303 3606 miiitum.
349 3539 394 3604 Et
419 3538 510 3622 hyda
534 3559 635 3622 quam
661 3538 856 3624 Stephanus
880 3551 974 3606 tenet
996 3551 1048 3605 est
1071 3541 1256 3625 geidabiiis‚

149 3656 183 3710 et
212 3645 314 3710 debet
343 3645 371 3709 .i.
402 3653 537 3720 sectam,
567 3653 602 3708 et
631 3643 674 3707 de
704 3643 832 3708 auxilio
862 3645 1067 3710 vicecomitis
1095 3646 1162 3728 .ij.s.
1198 3667 1257 3730 per

150 3769 286 3815 annum.
332 3749 368 3814 B.

219 3852 345 3917 Stratie
359 3850 522 3935 [Streetly
533 3853 566 3916 in
580 3851 675 3916 West
692 3849 895 3936 Wickham}
939 3852 1089 3919 Thomas
1100 3853 1145 3918 de
1159 3853 1256 3920 Sam-

152 3957 225 4022 iord
242 3965 333 4020 tenet
355 3955 538 4020 manerium
561 3955 603 4020 de
619 3957 777 4039 episcopo
799 3955 937 4039 Elyensi
958 3977 1017 4039 per
1036 3959 1211 4023 seruicium
1227 3959 1256 4024 .i.

153 4060 275 4126 militis.

218 4163 360 4244 Horseye
400 4161 651 4248 [Horseheath].
718 4163 886 4228 Walterus
926 4165 970 4229 de
1007 4165 1127 4250 Capeli
1165 4175 1258 4232 tenet

154 4267 290 4333 feodum
328 4267 457 4332 dimidii
497 4269 610 4332 militis
645 4268 688 4333 de
719 4267 854 4335 Comite
883 4268 1020 4333 Oxonie
1054 4269 1098 4332 de
1132 4270 1259 4336 honore

155 4373 384 4440 Richmondie.
433 4372 529 4438 Idem
553 4372 681 4438 Walter
701 4373 802 4438 debet
817 4375 847 4439 ‚i
867 4383 993 4439 sectam
1014 4375 1110 4442 etde
1131 4377 1259 4441 auxilio
