3192 5067
658 348 697 421 Τ
690 348 813 446 ulloge
838 347 888 444 of
907 344 1126 443 Cambridge
1323 339 1441 440 [Boou

540 620 589 684 32·
634 603 717 667 ltm
741 601 780 666 de
805 601 941 685 magio
963 600 1004 664 de
1029 598 1245 682 cantebrzgia.

174 790 295 834 anemo
391 772 557 847 ll[enricus]
581 773 627 830 dei
651 774 757 845 gracia,
780 774 841 828 Rex
865 770 976 841 Anglie
996 780 1060 837 etc,
1081 768 1238 825 vicecomiti
1266 768 1443 839 Cantebrigie

172 842 307 934 arment
337 864 465 920 salutem.

173 953 245 987 '⁸¹³‘
391 949 563 1006 Monstrauit
580 949 663 1005 nobis
686 947 765 1002 Prior
784 947 821 1003 de
842 946 1013 1002 Bernewelle
1031 946 1108 1018 quod
1127 963 1193 1001 cum
1215 960 1372 1001 assessores
1392 946 1443 999 tal-

174 992 298 1095 iiibffi.
337 1039 413 1110 liagij
435 1039 524 1096 nostri
546 1039 575 1092 in
598 1036 741 1094 Comitatu
763 1035 945 1104 cantebrigia
967 1035 1147 1090 talliauerunt
1168 1042 1296 1089 tenentes
1316 1033 1444 1089 eiusdem

174 1094 243 1145 ’ω’
338 1127 442 1183 Prioris
460 1127 489 1183 in
508 1126 690 1195 Cantebrigia
708 1125 781 1181 inter
798 1135 906 1182 ceteros
925 1126 1084 1194 Burgenses
1101 1133 1212 1179 nostros
1229 1123 1355 1177 eiusdem
1370 1122 1444 1190 ville,

337 1216 425 1271 iidem
442 1232 600 1271 assessores
618 1214 818 1270 nichilominus
836 1214 954 1269 assideri
974 1215 1100 1270 iecerunt
1119 1213 1275 1283 talliaglum
1294 1229 1378 1283 super
1395 1229 1443 1267 an·

339 1320 426 1359 nuum
444 1302 585 1359 redditum
604 1320 689 1374 quem
707 1303 783 1358 idem
804 1303 883 1357 Prior
901 1301 1019 1373 percipit
1037 1302 1073 1356 de
1091 1300 1199 1356 eisdem
1218 1300 1395 1364 tenentibus;
1416 1310 1445 1355 et

338 1391 403 1447 ideo
414 1391 466 1447 tibi
478 1391 648 1462 precipimus
661 1391 746 1462 quod,
759 1390 783 1445 si
796 1389 836 1444 ita
848 1400 900 1458 est,
913 1400 981 1445 tunc
997 1389 1121 1445 eundem
1135 1389 1260 1444 Priorem
1272 1389 1308 1443 de
1321 1387 1446 1457 talliagio

339 1481 388 1535 illo
400 1480 527 1552 quietum
540 1496 604 1535 esse
617 1478 793 1550 permittatis

392 1568 525 1625 Testibus
542 1566 701 1641 Assianom]
722 1566 820 1637 regina
842 1578 946 1634 nostra,
966 1576 993 1621 et
1013 1563 1161 1638 R[icardo]
1181 1567 1285 1621 comite
1303 1564 1445 1622 Comubie

339 1658 424 1715 fratre
452 1667 549 1713 nostro
574 1657 649 1728 apud
674 1657 853 1726 Wyndesore
866 1697 873 1711 .
886 1668 920 1709 xl
934 1698 940 1709 .
954 1655 1000 1709 die
1026 1654 1130 1726 Aprilis
1154 1670 1230 1710 anno
1254 1654 1333 1725 regni
1358 1654 1445 1709 nostri

340 1758 485 1802 .xxxvtt1.

464 2002 481 2066 3
486 2004 513 2067 3.
557 1985 663 2049 Breue
685 1984 786 2069 Regis
811 1984 996 2049 Baronibus
1018 1983 1058 2048 de
1082 1982 1250 2049 scaccario
1267 1995 1329 2067 pro

698 2088 848 2173 tallagio
874 2086 1088 2171 cantebrige).

178 2284 276 2328 mm
397 2256 561 2331 H[enricus]
575 2257 629 2313 Dei
642 2256 739 2327 gracia
753 2258 813 2313 Rex
825 2257 928 2326 Anglie
940 2266 991 2311 etc.
1008 2257 1166 2313 Baronibus
1179 2258 1237 2313 suis
1250 2257 1286 2313 de
1299 2258 1448 2313 scaccario

178 2335 312 2438 {3⁸³3}ss
344 2348 473 2403 salutem.

178 2386 244 2489 mni
398 2434 568 2491 Monstrauit
588 2434 672 2489 nobis
694 2433 814 2489 dilectus
836 2435 919 2489 nobis
940 2434 969 2488 in
990 2434 1103 2490 Christo
1126 2433 1206 2488 Prior
1223 2435 1259 2491 de
1279 2436 1448 2491 Bernewelle

342 2524 427 2595 quod,
446 2540 512 2578 cum
530 2538 689 2577 assessores
707 2521 797 2577 ultimi
817 2522 933 2591 talliagii
952 2521 1041 2576 nostri
1059 2521 1088 2575 ln
1107 2520 1250 2575 Comitatu
1269 2522 1449 2592 Cantebrigie

342 2612 520 2666 talliauerunt
545 2620 673 2665 tenentes
702 2609 829 2665 eiusdem
856 2610 959 2666 Prioris
985 2610 1013 2665 in
1039 2610 1221 2679 Cantebrigia
1246 2610 1318 2666 inter
1341 2620 1448 2667 ceteros

260 2707 278 2757 l.
298 2721 329 2770 33
344 2702 503 2769 Burgenses
515 2709 627 2753 nostros
636 2698 764 2754 eiusdem
773 2698 849 2767 ville,
858 2697 944 2753 iidem
954 2715 1112 2754 assessores
1122 2699 1322 2754 nichilominus
1331 2700 1449 2755 assideri

343 2790 467 2845 fecerunt
479 2787 636 2856 talliagium
649 2802 733 2857 super
748 2803 873 2841 annuum
891 2787 1032 2841 redditum
1048 2804 1133 2859 quem
1150 2785 1226 2843 idem
1240 2786 1320 2842 Prior
1331 2787 1448 2859 percipit

344 2879 380 2934 de
396 2876 560 2933 tenentibus
576 2874 720 2946 predictis,
733 2885 761 2929 et
778 2874 843 2929 ideo
856 2875 937 2930 uobis
951 2875 1120 2929 mandamus
1132 2876 1217 2945 quod,
1231 2876 1254 2930 si
1267 2876 1307 2930 ita
1318 2888 1369 2943 est,
1383 2887 1449 2933 tunc

344 2966 465 3021 eundem
486 2966 611 3019 Priorem
628 2964 664 3019 de
680 2963 808 3035 talliagio
826 2981 938 3019 assesso
957 2982 1041 3035 super
1059 2982 1141 3019 suum
1157 2981 1282 3020 annuum
1299 2966 1449 3032 redditum,

345 3054 418 3109 sicut
430 3054 589 3124 predictum
601 3063 652 3119 est,
664 3061 693 3107 et
706 3052 742 3107 de
754 3050 887 3122 talliagiis
904 3052 1099 3107 consimilibus
1115 3052 1241 3123 quietum
1256 3071 1319 3110 esse
1332 3053 1449 3122 faciatis,

345 3150 428 3211 prout
441 3141 477 3195 de
490 3140 550 3195 iure
562 3141 644 3196 fucrit
657 3140 826 3195 faciendum.

397 3230 484 3284 Teste
502 3244 548 3283 me
564 3229 626 3299 ipso
643 3228 719 3298 apud
735 3228 1020 3284 westmonasterium
1033 3242 1117 3285 mxx.
1132 3229 1178 3285 die
1195 3230 1261 3301 Julij
1281 3248 1356 3286 anno
1372 3232 1451 3301 regni

344 3318 433 3374 nostri
452 3326 533 3385 L11J0.

372 3574 422 3640 34
467 3554 663 3620 lnrotulacio
686 3555 734 3618 ad
753 3554 949 3618 scaccarium
973 3555 1013 3618 de
1035 3555 1184 3639 talliagio
1210 3556 1421 3643 Cantebrigt'e.

183 3746 263 3787 what
400 3727 479 3782 Prior
496 3726 533 3782 de
553 3726 724 3782 Bernewelle
737 3727 823 3783 debet
836 3727 892 3781 iiii.
906 3744 1016 3783 marcas
1034 3726 1070 3782 de
1086 3726 1213 3799 talliagio
1229 3746 1280 3799 pro
1296 3731 1377 3787 terris
1393 3734 1452 3789 suis

182 3794 333 3888 §flnffisth‘
346 3817 375 3871 in
392 3815 459 3871 villa
475 3816 511 3871 de
529 3814 719 3886 Cantebrigia,
732 3816 783 3871 sed
801 3834 857 3872 non
872 3817 956 3873 debet
969 3816 1140 3871 summoneri
1154 3833 1203 3886 per
1215 3818 1301 3873 breue
1315 3822 1410 3891 Regis,
1423 3822 1452 3878 in

183 3895 323 4038 imin
346 3921 402 3973 quo
424 3901 584 3959 continetur
604 3903 681 3973 quod
702 3903 780 3957 idem
802 3902 882 3958 Prior
899 3904 1010 3975 quietus
1029 3900 1065 3958 sit
1084 3902 1120 3957 de
1137 3902 1238 3958 eodem
1258 3906 1384 3979 talliagio
1401 3925 1453 3978 pro

186 3994 303 4089 01:23¹de
347 3988 502 4045 redditibus
524 3988 582 4043 suis
605 3999 634 4044 et
659 3990 853 4045 consimilibus
879 3990 1020 4061 talliaglis.
1043 3990 1300 4064 quocienscumque
1326 4005 1453 4052 tenentes

185 4055 334 4150 (terrererfe
347 4076 436 4149 ipsius
458 4075 561 4130 Prioris
581 4075 611 4130 in
634 4076 818 4147 Cantebrigia
839 4078 982 4132 talliantur
1003 4095 1053 4148 per
1072 4078 1270 4134 merchandias
1291 4098 1358 4137 suas
1382 4084 1455 4139 inter

184 4148 254 4201 ¹²⁷⁰·
348 4176 456 4223 ceteros
476 4166 636 4235 Burgeuses
654 4166 728 4236 regis
746 4165 776 4222 in
793 4167 895 4223 eadem
914 4166 987 4222 villa.

416 4286 510 4351 lstud
537 4286 747 4353 irrotulatum
779 4288 966 4355 inuenietur
996 4290 1029 4355 in
1062 4291 1171 4355 rotulo
1201 4293 1453 4380 anni.l.quinti

348 4392 475 4457 domini
499 4391 584 4477 regis
607 4391 651 4456 ad
673 4393 875 4460 scaccarium
900 4395 933 4461 in
956 4395 1099 4463 termino
1123 4396 1256 4465 Pasche.
