3192 5067
150 343 183 446 1]
386 348 448 445 Os
466 347 527 422 tte
555 348 694 423 Prrors
717 347 798 421 ond
821 346 923 420 their
948 354 1024 419 acts
1212 363 1257 437 73

355 608 404 678 50.
450 594 503 660 De
525 594 666 677 Symone
687 593 807 659 Priore
827 593 867 659 de
887 591 1064 659 Asscellot

217 767 380 852 Magister
405 768 535 851 Symon
559 768 603 832 de
624 766 784 831 Asscellis
805 767 963 831 successit
989 765 1028 839 ei,
1051 764 1101 829 vir
1124 763 1258 847 quidem
1274 772 1416 864 ξζὲῗῖἷᾱξ,

152 890 275 955 magne
304 871 497 954 eloquencie
527 880 561 936 et
592 870 771 934 eminentis
801 868 993 933 litterature,
1048 868 1139 931 Dum
1170 866 1257 930 enim
1272 872 1388 965 aefiffi‘·

152 986 224 1040 erat
253 976 286 1040 in
317 975 434 1041 habitu
464 975 612 1053 seculari,
643 974 800 1040 nobiliter
829 975 918 1039 rexit
948 974 982 1038 in
1013 974 1139 1038 artibus
1169 971 1258 1055 apud
1274 972 1411 1065 {32⁶2ss

152 1078 335 1155 Oxoniam,
350 1087 384 1142 et
404 1099 560 1162 processu
582 1078 742 1161 temporis
762 1076 870 1142 iactus
892 1076 1077 1141 iurisciuilis
1096 1075 1262 1159 professor
1275 1084 1332 1126 ¹²⁹⁷·

151 1184 241 1268 apud
264 1182 523 1267 Cantebrigiam.
569 1183 737 1265 Tempore
758 1179 941 1245 Rostandi'
955 1190 1026 1245 erat
1047 1179 1260 1263 negociorum

152 1285 258 1349 crucis
285 1285 408 1351 Christi
435 1294 605 1362 executor,
628 1294 670 1359 et,
693 1293 834 1348 vacante
856 1285 945 1361 sede,
968 1305 1012 1347 ex
1037 1294 1132 1366 parte
1158 1282 1261 1366 Regis

153 1401 265 1456 custos
291 1391 611 1475 Archiepiscopatus
639 1390 870 1467 Eboracensis,
897 1400 931 1457 et
958 1389 1043 1455 inter
1073 1391 1165 1475 regni
1196 1390 1261 1474 pri-

153 1505 261 1559 mates
284 1495 438 1579 cognitus
464 1503 499 1558 et
524 1494 715 1559 honoratus.
763 1493 858 1558 ldem
883 1495 1041 1576 magister
1064 1494 1194 1577 Symon
1219 1494 1261 1557 de

154 1598 307 1675 Ascellis,
319 1608 357 1662 ut
373 1598 493 1662 forcior
508 1596 602 1662 fieret
617 1596 811 1661 infirmitate
826 1596 940 1661 ualida
955 1606 1134 1680 correptus,
1145 1596 1261 1661 habitu
1275 1596 1293 1647 f·
1307 1597 1362 1659 ²5b

152 1703 390 1767 canonicorum
412 1702 612 1785 regularium
636 1712 688 1766 est
709 1702 859 1777 uestitus,
875 1712 909 1765 et
929 1700 972 1765 de
994 1700 1181 1784 egritudine
1204 1721 1263 1784 per

154 1808 208 1871 dei
234 1809 381 1891 graciam
407 1808 654 1885 conualescens‚
679 1807 788 1872 adhuc
816 1806 951 1890 quidem
974 1807 1133 1886 nouicius,
1157 1807 1262 1872 estin

154 1911 264 1990 choro,
294 1912 442 1996 capitulo
477 1921 511 1976 et
548 1910 731 1988 refectorio,
761 1934 806 1976 ex
837 1922 932 1995 parte
962 1913 1153 1995 subprioris,
1178 1913 1265 1977 inter

154 2018 299 2082 seniores
322 2028 421 2100 prout
443 2018 557 2081 decuit
579 2028 768 2082 reuerenter
790 2017 988 2083 installatus.
1034 2019 1166 2084 Deinde
1189 2039 1263 2103 pro-

155 2120 258 2187 iessus
274 2133 307 2186 et
320 2119 482 2205 presbiter
493 2120 676 2198 ordinatus,
689 2120 737 2184 ita
751 2119 928 2198 humiliter,
941 2130 1078 2199 mature,
1090 2122 1264 2199 socialiter,

155 2233 189 2287 et
210 2224 333 2289 deuote
356 2224 390 2287 in
414 2222 570 2287 omnibus
594 2223 740 2287 motibus
762 2224 831 2287 suis
854 2244 889 2288 se
911 2222 1067 2301 habebat,
1083 2225 1173 2308 quod
1197 2245 1262 2289 non

154 2338 286 2394 tantum
315 2329 462 2413 prelatus
492 2338 527 2392 et
556 2329 711 2405 seniores,
735 2328 794 2392 sed
821 2328 927 2393 eciam
953 2330 1094 2413 quilibet
1118 2331 1161 2394 de
1187 2352 1264 2396 con-

156 2441 260 2496 uentu
276 2433 319 2496 de
335 2433 406 2497 eius
422 2432 680 2495 conuersacione
694 2431 876 2514 gaudebat.
924 2433 1004 2515 Ipso
1016 2434 1153 2517 quidem
1169 2436 1216 2501 sic
1228 2456 1264 2499 se

154 2548 299 2622 gerente,
318 2548 354 2602 et
374 2538 513 2601 domino
532 2537 655 2620 Jolano
676 2537 826 2614 cedente,
842 2538 967 2602 electus
989 2550 1040 2603 est
1061 2540 1093 2603 in
1118 2541 1263 2607 Priorem

154 2642 324 2706 communi
356 2640 507 2705 omnium
538 2639 721 2703 uoluntate.
779 2637 968 2722 Episcopus
999 2662 1078 2706 uero
1109 2641 1265 2725 Elyensis

154 2748 243 2812 bone
259 2746 419 2811 memorie
437 2745 542 2829 Hugo
557 2746 600 2809 de
613 2744 816 2819 Balesham⁸,
827 2746 921 2809 cuius
933 2756 1013 2810 tunc
1025 2756 1095 2811 erat
1108 2747 1266 2826 officialis,

157 2852 302 2916 eundem
327 2850 526 2933 magistrum
550 2849 737 2931 Symonem
760 2870 837 2914 cum
860 2850 984 2934 gaudio
1006 2854 1161 2935 suscepit,
1177 2863 1212 2917 et
1231 2854 1263 2917 in

154 2956 301 3019 Priorem
332 2952 525 3035 monasterij
553 2952 596 3017 de
624 2952 826 3017 Bemewelle
855 2954 1121 3037 gratulabundus
1147 2956 1264 3021 confir-

155 3059 270 3123 mauit.
315 3058 362 3122 Et
393 3057 567 3122 sciendum
597 3058 688 3140 quod
719 3057 830 3122 dictus
860 3060 1020 3143 magister
1050 3059 1179 3144 Symon
1210 3064 1265 3127 die

154 3163 386 3229 translacionis
408 3163 515 3227 sancti
538 3162 737 3244 Augustini‘
759 3164 910 3227 canonici
934 3163 1087 3229 habitum
1110 3168 1265 3251 suscepit,

154 3276 189 3330 et
205 3266 322 3330 eodem
340 3264 403 3342 die,
415 3265 531 3328 decem
547 3262 643 3327 annis
659 3263 814 3339 euolutis,
825 3263 951 3328 electus
967 3274 1017 3329 est
1034 3266 1066 3329 in
1085 3268 1265 3345 Pastorem,

155 3380 191 3435 et
217 3368 405 3434 installatus
431 3367 486 3431 die
512 3368 619 3432 sancti
644 3368 736 3431 Luce
763 3368 984 3451 euangeliste⁸
1006 3390 1066 3452 per
1091 3371 1265 3436 dominum

156 3475 429 3540 archidiaconum
455 3472 646 3555 Elyensem.

222 3580 307 3665 [lste
322 3580 412 3664 prior
427 3578 557 3662 Symon
575 3578 717 3643 multum
734 3578 820 3643 inter
835 3578 970 3643 clericos
986 3579 1168 3645 honoratus
1184 3582 1265 3647 suit·
1281 3580 1397 3632 mm·

1257 3632 1265 3661 5
1280 3631 1343 3672 alter

158 3696 259 3770 atque
290 3686 323 3748 in
354 3682 502 3767 capitulo
530 3682 676 3766 generali
708 3682 898 3767 frequenter
927 3686 1122 3768 predicauit,
1145 3697 1180 3753 et
1204 3688 1266 3753 ire·
1280 3681 1355 3773 ἓξὲξ
1373 3731 1421 3771 fi„

157 3799 298 3875 quenter
318 3810 403 3853 unus
419 3789 663 3871 presidencium
684 3790 810 3854 electus
832 3789 901 3855 fuit.
951 3791 989 3855 ln
1012 3792 1164 3857 Prioratu
1187 3815 1266 3858 uero
1279 3781 1429 3881 {Yuie‘fm’

207 3926 217 3959 ¹
235 3928 267 3976 ln
278 3926 361 3991 Cbup.
373 3924 405 3975 ²6
416 3924 466 3975 this
478 3925 546 3974 word
557 3926 579 3975 is
589 3927 654 3991 spelt
666 3926 783 3977 Aschele.
1281 3892 1338 3934 Μ’
1591 3842 1593 3909 i

206 4004 763 4071 ²Rustand,aGuscon,wassentuslegate
774 4015 802 4056 to
815 4007 931 4072 England
944 4008 977 4072 by
987 4008 1056 4074 Pope
1067 4009 1211 4059 Alexander
1220 4010 1266 4059 lV.
1592 4002 1593 4005 '

157 4092 185 4140 in
200 4102 270 4153 1255,
282 4089 344 4139 witb
354 4088 490 4139 directions
506 4096 533 4138 to
547 4088 650 4139 absolve
660 4088 704 4139 the
718 4089 788 4154 King
798 4088 863 4140 irom
874 4088 913 4139 his
924 4090 1057 4157 cnrsading
1068 4108 1131 4153 νον,
1145 4093 1267 4157 provided

157 4172 191 4221 he
198 4170 282 4220 would
293 4168 379 4219 march
387 4168 449 4218 with
459 4184 493 4218 an
504 4184 574 4234 army
582 4168 636 4219 into
645 4169 741 4234 Apulia
751 4169 849 4235 against
862 4170 986 4231 Manired,
997 4186 1043 4221 son
1054 4172 1083 4221 oi
1090 4171 1132 4222 the
1145 4172 1268 4239 Emperor

160 4253 293 4304 Fredericlr
307 4252 344 4301 11.
379 4252 471 4302 Matth.
486 4252 564 4309 Paris,
579 4252 704 4302 Chronr'ca
714 4254 818 4317 Μῄονα
831 4252 913 4317 (Rolls
925 4254 991 4315 Ser.)
1003 4266 1031 4303 v.
1044 4269 1101 4319 5¹9·

207 4334 219 4366 ⁸
235 4336 283 4387 See
294 4335 381 4396 above,
397 4336 478 4399 Chap.
491 4351 530 4400 49,
546 4341 606 4385 note.

207 4420 218 4451 ⁴
234 4418 417 4484 dSeptember.
685 4418 697 4451 ⁸
716 4421 745 4469 18
757 4418 877 4470 October.
