3192 5067
356 333 429 404 260
663 327 859 402 Hundred
878 327 927 424 os
944 328 1109 426 Staplmv
1336 323 1465 427 [soon

235 527 251 578 f.
270 514 463 589 150breddit
501 513 544 578 ad
582 513 770 598 scutagium
809 513 882 595 ,ij.d.
929 513 1058 577 Ibidem
1089 511 1190 576 debet
1219 510 1391 594 johannes
1422 511 1469 574 de
1587 600 1588 613 χ

354 617 525 684 Teresseld
549 617 579 701 .j.
603 628 729 683 sectam
753 639 813 703 per
833 638 969 682 annum.
1016 616 1145 682 Ibidem
1169 617 1271 681 debet
1295 616 1470 680 Robertus

356 721 442 786 filius
456 722 587 786 Yuonis
603 723 632 805 .j.
648 731 773 788 sectam
795 743 1005 806 perannum.
1051 721 1235 786 Abbatissa
1250 723 1293 785 de
1308 720 1469 785 Chateriz

354 834 446 890 tenet
461 824 490 909 .j.
506 825 620 890 hidam
637 837 722 891 terre
734 837 767 891 et
779 827 953 892 dimidiam
969 829 1013 891 de
1028 826 1128 891 feodo
1142 827 1289 909 episcopi
1307 823 1469 907 Elyensis

356 929 388 992 in
406 928 542 994 liberam
559 931 785 996 elemosinam.

420 1032 615 1100 Landwade
637 1034 868 1120 [Landwade].
913 1035 1082 1100 Robertus
1103 1035 1147 1100 de
1164 1035 1348 1118 Hastinges
1370 1043 1469 1099 tenet
1587 1068 1588 1127 ρ

355 1137 396 1221 ij.
432 1136 528 1203 hidas
562 1148 650 1204 terre
683 1139 869 1222 geldabiles
904 1139 947 1204 de
982 1140 1107 1205 honore
1143 1139 1368 1205 Richmondie
1405 1161 1469 1222 per

356 1242 530 1306 seruicium
561 1242 650 1308 soodi
676 1244 773 1308 vnius
800 1244 924 1322 militis,
947 1255 983 1309 et
1007 1245 1109 1309 debet
1134 1245 1165 1328 .j.
1194 1254 1330 1321 sectam,
1360 1253 1395 1307 et
1421 1244 1469 1307 de

355 1345 482 1409 auxilio
504 1347 708 1412 vicecomitis
730 1349 796 1431 ijs.

422 1450 846 1536 Sneylewelle[Snailwell].
874 1452 1046 1536 Johannes
1057 1454 1101 1517 de
1112 1453 1207 1518 Vaus
1218 1460 1311 1517 tenet
1326 1450 1467 1515 leodum

354 1553 383 1618 .i.
400 1553 513 1619 militis
535 1556 578 1619 de
601 1555 739 1620 baronia
755 1554 913 1620 Willelmi
936 1555 980 1621 de
1004 1556 1104 1620 Perci.
1150 1555 1281 1620 ibidem
1304 1565 1383 1620 sunt
1398 1554 1467 1636 iiij.

355 1655 433 1721 hide
461 1667 495 1722 et
524 1657 665 1722 dimidia
696 1659 889 1742 geldabiles,
915 1668 949 1723 et
978 1667 1053 1723 tota
1081 1658 1160 1724 villa
1189 1661 1232 1724 de
1264 1658 1467 1742 Sneylewell

355 1760 455 1825 debet
477 1762 505 1826 .i.
528 1772 663 1839 sectam,
687 1771 721 1827 et
743 1765 786 1831 de
808 1763 937 1829 auxilio
959 1765 1164 1829 vicecomitis
1184 1785 1249 1830 ‚va

430 1864 544 1948 Wykes
579 1866 758 1952 [Wicken].
819 1867 997 1952 Wymerus
1034 1869 1077 1932 de
1111 1868 1337 1952 Thorington¹
1369 1879 1466 1934 tenet

357 1968 491 2034 feodum
518 1969 547 2052 .j.
575 1971 689 2035 militis
719 1973 761 2035 de
791 1971 917 2037 honore
946 1973 1178 2038 Richmondie„
1223 1973 1354 2038 Ibidem
1383 1983 1465 2038 sunt

354 2073 1588 2161 ffifflmmfflmfflmfflmil

357 2189 483 2244 sectam
507 2201 607 2264 quam
631 2180 804 2263 Johannes
826 2181 857 2246 le
880 2181 1049 2248 Siresman
1074 2182 1154 2247 lacit
1175 2203 1237 2265 pro
1258 2201 1307 2246 ea
1587 2168 1588 2177 ἵ

423 2284 550 2351 Saliam
566 2286 731 2371 [SohamJ.
779 2287 953 2352 Hubertus
973 2287 1016 2352 de
1038 2288 1151 2371 Burgo
1170 2296 1263 2351 tenet
1283 2286 1464 2352 dimidium

356 2387 444 2453 leodi
482 2389 596 2454 militis
625 2391 670 2454 de
699 2391 838 2455 domino
868 2390 971 2474 Rege.
1018 2390 1191 2475 Philippus
1221 2390 1341 2454 Basset
1369 2400 1465 2455 tenet

356 2491 490 2558 feodum
521 2495 549 2558 .i.
577 2493 701 2572 militis,
723 2503 757 2558 et
785 2493 951 2559 Radulsus
977 2494 1020 2558 de
1046 2493 1173 2560 Saham
1203 2503 1299 2564 tenet
1326 2493 1465 2558 feodum

356 2596 485 2660 dimidii
508 2597 622 2663 militis
648 2601 692 2663 de
717 2599 845 2664 honore
871 2595 1104 2664 Richmondie.
1150 2598 1281 2663 Ibidem
1306 2608 1384 2662 sunt
1407 2599 1465 2663 ‚xi

355 2702 434 2766 hide
455 2712 542 2767 terre
563 2703 755 2786 geldabiles.

419 2807 525 2872 Kenet
546 2807 735 2892 [Kennett].
782 2809 967 2873 Nichoiaus
993 2810 1035 2873 de
1067 2808 1180 2872 Kenet
1209 2818 1302 2872 tenet
1326 2808 1464 2872 feodum
1587 2806 1588 2823 ³

354 2911 384 2993 .j.
407 2912 522 2976 militis
545 2921 579 2976 et
602 2912 731 2977 dimidii
754 2915 797 2977 de
821 2913 955 2979 Comite
974 2913 1017 2977 de
1034 2913 1190 2976 Warenll.
1238 2912 1367 2977 ibidem
1384 2923 1464 2976 sunt
1587 2914 1588 2919 ’

355 3016 408 3099 iij.
436 3015 513 3080 hide
542 3025 576 3080 et
601 3017 742 3082 dimidia
768 3039 835 3082 non
865 3017 1058 3100 geldabiles,
1090 3027 1124 3082 et
1153 3027 1226 3081 tota
1252 3016 1332 3082 villa
1361 3016 1465 3081 debet
1587 3066 1588 3101 3

356 3129 491 3197 sectam,
514 3129 547 3184 et
570 3140 636 3184 non
660 3121 825 3186 auxilium
848 3123 1063 3188 vicecomitis.
1140 3122 1148 3134 '
1587 3104 1588 3123 ¹

429 3221 578 3287 Yselham
594 3222 781 3310 [Isleham].
822 3225 991 3290 Walterus
1002 3227 1046 3291 de
1058 3225 1299 3290 Donestanwill
1313 3235 1406 3290 tenet
1420 3225 1465 3309 .ij.
1587 3302 1588 3305 Ἴ

356 3334 467 3412 partes
489 3327 638 3391 eiusdem
657 3326 735 3392 ville
754 3348 814 3412 per
835 3330 1032 3394 serianciam
1051 3331 1095 3394 de
1113 3330 1240 3393 honore
1261 3329 1304 3393 de
1321 3328 1466 3394 Meldh’2
1587 3326 1588 3411 j

356 3450 423 3495 non
453 3430 646 3514 geldabiles.
692 3430 823 3498 Ibidem
860 3443 954 3498 tenet
985 3433 1154 3499 Robertus
1184 3431 1270 3496 lilius
1301 3432 1464 3497 Willelmi

356 3533 519 3620 [feodum]
535 3535 664 3602 dimidii
687 3536 802 3601 militis
821 3538 865 3602 de
879 3537 1037 3622 episcopo
1059 3537 1304 3613 Roucestrensi,
1320 3545 1353 3601 et
1368 3546 1464 3602 tenet
1587 3546 1588 3557 ¹

352 3641 383 3708 .i.
405 3639 519 3705 hidam
543 3649 577 3705 et
599 3639 781 3706 dimidiam.
829 3642 960 3707 Ibidem
984 3641 1153 3706 Robertus
1175 3649 1211 3704 et
1231 3638 1385 3704 homines
1411 3641 1464 3704 sui

354 3744 479 3810 debent
500 3745 529 3810 .i.
550 3754 685 3822 sectam,
705 3755 739 3810 et
761 3748 806 3811 de
827 3746 955 3811 auxilio
977 3745 1181 3810 vicecomitis
1201 3745 1278 3809 ‚xvi
1298 3745 1467 3809 denarios„
1587 3752 1588 3821 Τ

355 3849 441 3916 Clai.
488 3849 581 3914 Prior
615 3847 659 3914 de
698 3849 765 3934 Ely
795 3860 889 3916 tenet
917 3850 948 3915 .i.
975 3849 1090 3914 hidam
1128 3858 1214 3913 terre
1252 3849 1285 3912 in
1324 3849 1463 3914 liberam

354 3955 582 4021 elemosinam.

420 4059 538 4124 Parua
556 4057 707 4123 Yselham
719 4057 840 4143 [Little
857 4056 1027 4141 lsleham].
1058 4057 1226 4122 Walterus
1241 4057 1284 4122 de
1299 4057 1465 4122 Yselham

355 4170 446 4229 tenet
468 4163 546 4228 ‚xlv
568 4181 661 4227 acras
684 4171 769 4227 terre
799 4162 843 4227 de
865 4162 1014 4228 Waltero
1044 4163 1088 4226 de
1118 4162 1375 4226 Dunestanuille
1404 4183 1467 4245 per

468 4333 477 4365 ¹
494 4333 646 4399 corrigitom
660 4333 718 4384 MS.
751 4333 1078 4399 Thoringtou=Thomton
1089 4333 1114 4383 le
1127 4333 1249 4392 Steword,
1261 4331 1352 4383 Yorks.

468 4417 479 4450 ²
496 4419 626 4476 Milelram,
644 4417 759 4470 Norlollr.
