3192 5067
1100 156 1117 188 0

352 357 402 425 66
592 351 654 448 Of
671 350 732 424 the
758 352 896 425 Prz'ors
921 354 1002 425 arrd
1022 353 1123 425 their
1145 362 1220 425 acts
1345 352 1462 451 [Boou

188 532 334 635 mmo,
352 536 454 600 forcia
476 534 592 600 fratres
613 536 788 601 inhoneste
808 547 906 601 extra
926 547 1098 621 uagantes,
1113 546 1147 602 et
1170 537 1203 601 in
1226 538 1316 601 inuio
1337 548 1370 601 et
1393 558 1460 601 non

188 633 289 735 53,ng
351 638 385 701 in
421 640 476 703 uia
506 649 662 717 errantes,
692 640 736 703 ab
772 642 892 704 erroris
922 643 977 705 uia
1009 643 1163 705 reducere
1194 641 1331 717 studuit,
1362 651 1396 706 et
1425 662 1461 705 se

351 744 583 827 precedentem
600 745 693 826 sequi
709 744 881 827 compulit,
897 746 984 827 quia,
1000 747 1090 828 quod
1108 746 1210 809 uerbo
1225 746 1348 822 docuit,
1360 765 1460 828 opere

351 847 556 931 adimpleuit
600 848 720 912 Nullus
736 849 825 912 enim
844 848 981 913 fratrum
998 850 1041 913 ad
1058 850 1240 913 matutinas
1256 850 1459 931 uigilancior,

350 954 393 1015 ad
410 952 631 1034 psalmodiam
647 952 851 1034 diligencior,
863 954 896 1016 in
913 954 1068 1018 oracione
1083 954 1248 1031 deuocior,
1265 955 1297 1018 in
1314 955 1458 1017 claustro

350 1057 432 1122 hora
462 1057 587 1141 silencij
614 1059 729 1123 extitit
759 1057 975 1141 frequencior.
1022 1058 1068 1121 Et
1094 1058 1249 1141 quamuis
1276 1059 1458 1122 innumeris

349 1183 480 1227 morum
504 1173 539 1227 et
563 1164 755 1227 meritorum
783 1163 924 1246 polleret
946 1162 1141 1244 insignibus,
1163 1171 1276 1225 tamen
1302 1162 1458 1246 precipue

348 1266 479 1330 duabus
491 1266 615 1330 scilicet
627 1268 774 1350 corporis
785 1267 942 1330 castitate
957 1274 991 1329 et
1004 1256 1262 1330 elemosinarum
1279 1266 1458 1348 largicione

347 1370 531 1434 dinoscitur
560 1371 717 1433 claruisse
748 1372 934 1435 uirtutibus.
985 1371 1118 1435 Fratres
1148 1381 1260 1436 autem
1293 1372 1325 1434 in
1356 1372 1458 1435 choro

348 1474 563 1539 irreuerenter
588 1495 625 1537 se
651 1474 813 1538 habentes
841 1475 926 1538 adeo
953 1474 1112 1538 seueriter
1137 1484 1171 1539 et
1198 1475 1316 1539 acriter
1341 1475 1455 1538 statim

348 1574 414 1641 illic
430 1579 608 1660 redarguit,
623 1580 656 1642 in
677 1579 824 1642 claustro
845 1577 927 1660 ocijs
948 1588 983 1641 et
1003 1578 1084 1641 iocis
1101 1588 1258 1641 uacantes
1274 1579 1360 1641 adeo
1374 1579 1456 1641 dure

347 1691 382 1744 et
404 1702 520 1764 aspere
541 1682 763 1766 reprehendit,
784 1682 876 1765 quod
900 1682 943 1745 ad
967 1682 1037 1745 eius
1060 1692 1232 1764 aspectum
1256 1692 1290 1745 et
1311 1682 1456 1765 corporis

347 1792 479 1868 gestum
499 1795 745 1850 exterrerentur
765 1807 867 1869 quam
891 1785 1034 1870 plurimi,
1051 1794 1085 1849 et
1107 1787 1257 1850 exterriti
1280 1787 1361 1851 satis
1384 1806 1456 1869 per·

347 1890 565 1954 turbarentur.
613 1891 652 1954 ln
679 1890 829 1974 capitulo
858 1910 993 1975 quoque
1024 1891 1057 1953 in
1084 1892 1180 1973 penis
1207 1890 1395 1973 infligendis
1421 1900 1455 1955 et

346 1994 530 2077 disciplinis
550 1994 750 2059 adhibendis
772 2015 1025 2077 nonnumquam
1047 2005 1142 2060 tanta
1161 1995 1318 2060 utebatur
1332 1996 1454 2079 asperi·

347 2109 417 2164 tate
443 2109 478 2163 et
503 2100 706 2175 austeritate,
731 2101 822 2183 quod
850 2120 870 2163 a
894 2100 1062 2164 nonnullis
1085 2101 1291 2164 consciencie
1315 2101 1454 2164 sanioris

346 2201 469 2283 pluries
504 2203 641 2265 modum
677 2202 863 2267 excessisse
898 2203 1070 2279 diceretur,
1100 2212 1134 2267 et
1171 2203 1234 2267 sibi
1266 2206 1380 2285 pocius
1410 2202 1452 2267 ad

346 2305 551 2370 crudelitatis
589 2305 751 2370 feruorem
795 2316 1004 2389 reputaretur
1042 2327 1144 2390 quam
1183 2309 1225 2371 ad
1268 2308 1453 2372 seueritatis

346 2410 497 2493 rigorem.

185 2524 274 2575 Brthe
414 2514 481 2579 Hic
505 2536 585 2580 uero
609 2517 715 2581 uirum
743 2518 973 2581 uenerandum
1000 2525 1035 2581 et
1060 2536 1119 2599 per
1143 2518 1258 2581 omnia
1283 2536 1452 2582 commen-

183 2574 240 2627 help
249 2574 277 2616 of

184 2624 333 2719 &effide
346 2621 496 2685 dandum
520 2620 661 2685 militem
684 2623 856 2705 egregium
885 2620 1093 2686 Euerardum
1116 2623 1159 2686 de
1183 2622 1293 2685 Beche
1315 2624 1357 2687 ad
1382 2621 1453 2685 offi-

181 2725 326 2819 glffloeh
346 2725 494 2789 cinarum
516 2734 550 2789 et
571 2726 710 2789 ecclesie
732 2727 1021 2790 construxtionem
1045 2727 1107 2789 sibi
1131 2728 1308 2804 associans
1329 2727 1453 2791 eteius
1505 2748 1509 2755 ·

182 2826 325 2920 ggglggggf
345 2823 485 2887 consilio
507 2836 542 2889 et
563 2825 692 2890 auxilio
715 2835 821 2903 utens,
844 2826 1017 2891 ecclesiam
1044 2826 1125 2889 mire
1153 2826 1393 2908 magnitudinis
1419 2836 1453 2889 et

345 2930 522 3012 ponderosi
544 2932 654 3014 operis
677 2952 697 2995 a
720 2932 880 2996 iamdicto
908 2932 1045 3015 Pagano
1070 2931 1204 3013 egregio
1227 2931 1299 2995 uiro
1321 2930 1453 3013 egregie

344 3033 536 3099 inchoatam
567 3036 717 3100 funditus
746 3038 875 3113 euertit,
905 3036 1072 3118 aliamque
1102 3034 1330 3100 decenciorem
1362 3055 1452 3099 com-

271 3160 331 3223 aig
344 3136 458 3221 pleuit,
480 3140 683 3223 completam
710 3141 857 3205 dedicari
881 3139 982 3218 fecit¹,
1004 3140 1194 3205 dedicatam
1219 3140 1334 3205 multis
1357 3159 1452 3205 orna·

344 3243 467 3307 mentis
489 3244 668 3309 decorauit

181 3356 288 3399 Obtninu'
411 3346 464 3411 Eo
483 3368 617 3431 quoque
638 3350 784 3415 instante
805 3361 839 3414 et
859 3350 1022 3414 instanter
1042 3348 1204 3433 pulsante,
1220 3350 1270 3413 vir
1284 3350 1452 3415 inestima-

179 3414 253 3459 mnt
261 3408 289 3449 of

179 3458 302 3551 mg„
344 3450 419 3515 bilis
446 3462 480 3516 et
506 3452 774 3536 incomparabilis
805 3454 965 3517 bonitatis
996 3462 1029 3517 et
1060 3453 1235 3536 probitatis
1266 3452 1453 3519 Willelmus

181 3557 321 3662 mm
345 3554 501 3638 Elyensis
520 3556 723 3639 Episcopus¹
740 3556 898 3620 ecclesias
918 3556 961 3621 de
983 3556 1101 3631 Beche,
1118 3555 1161 3620 de
1184 3555 1373 3635 Caldecote,
1388 3555 1450 3641 [et]

344 3660 460 3726 Sancti
497 3661 608 3744 Egidij
644 3661 688 3725 de
724 3660 949 3744 cantebrigia,
980 3662 1046 3724 iam
1082 3660 1210 3744 pridem
1244 3660 1452 3745 negligenter

343 3766 514 3844 alienatas,
540 3767 612 3831 siue
638 3768 759 3832 iniuste
788 3765 928 3845 ablatas,
954 3766 1068 3831 usibus
1099 3765 1236 3831 fratrum
1267 3767 1453 3845 concessit;

342 3891 518 3935 concessas
548 3872 672 3956 scripto
694 3871 923 3935 communiuit.

410 3976 505 4040 Idem
532 3978 637 4040 eciam
664 3976 757 4039 Prior
781 3974 979 4039 uenerabilis
1009 3976 1144 4039 missam
1177 3974 1210 4037 in
1240 3974 1366 4039 honore
1396 3973 1448 4039 dei

342 4082 511 4164 genitricis
532 4082 635 4144 marie
655 4079 794 4162 singulis
814 4078 932 4143 diebus
954 4097 1013 4162 per
1032 4098 1156 4142 annum
1179 4079 1211 4143 in
1234 4099 1295 4143 sua
1312 4078 1450 4143 ecclesia

395 4261 485 4312 ¹This
510 4260 653 4311 dedication
679 4260 740 4310 took
766 4259 840 4325 place
866 4275 893 4310 αι
919 4262 982 4325 Apr.
1008 4274 1078 4323 ¹¹90·
1124 4258 1173 4310 See
1199 4259 1289 4319 below,
1314 4257 1387 4308 Book
1413 4270 1450 4307 ιν.

342 4344 528 4478 Cha’pilliifium
540 4428 712 4493 longchamp,
727 4427 766 4493 Bp
777 4426 807 4476 of
816 4425 864 4491 Ely
879 4426 1038 4491 1189-r196
1051 4424 1086 4489 (d.
1100 4440 1128 4489 31
1141 4426 1199 4490 Jan.
1212 4422 1292 4489 1196).
