3192 5067
361 357 434 444 306
711 352 749 426 T
743 361 875 426 enanis
901 351 941 426 in
967 352 1116 427 Borion
1351 349 1469 450 [soon

429 538 514 603 Item
544 539 720 604 heredibus
757 541 920 624 Johannis
951 541 1070 604 Russel
1102 541 1143 604 ad
1178 539 1300 604 Natale
1331 539 1471 603 Domini

361 640 389 723 .j.
405 643 600 706 denarium¹.

426 744 570 826 Johanni
587 744 655 808 lilio
670 745 828 811 Gilemini
844 745 886 828 .ij.
902 745 1064 810 denarios.
1569 799 1570 836 3

428 857 514 920 Item
545 857 714 922 willelmo
744 857 776 922 ιο
807 858 896 924 Lora
927 859 970 922 ad
1001 858 1176 922 seruorum
1206 857 1334 920 domini
1370 856 1471 938 Regis
1569 839 1570 880 ³

361 960 401 1043 ij.
424 960 587 1026 denarios.

428 1067 514 1130 Item
540 1067 681 1150 Symoni
703 1068 747 1131 de
771 1067 842 1130 Len
866 1087 926 1150 pro
949 1076 1036 1131 terra
1058 1066 1221 1151 Johannis
1244 1066 1275 1130 le
1294 1065 1399 1131 Child
1415 1087 1472 1148 per

362 1189 487 1234 annum
511 1171 553 1233 ad
580 1169 707 1235 Pascha
729 1171 875 1235 obolum.

667 1273 809 1340 Summa
825 1297 861 1340 .v.
878 1275 961 1340 libre
976 1275 1065 1356 .xvij.
1075 1274 1179 1344 ,solidi
1196 1275 1257 1357 ,vii
1273 1273 1404 1338 denarii
1421 1275 1472 1336 oh

429 1378 625 1444 Memoriter
644 1379 855 1445 retinendum
876 1381 966 1464 quod
990 1381 1082 1444 Prior
1101 1380 1145 1447 de
1161 1377 1364 1444 Bemewelle
1380 1389 1472 1442 tenet

362 1492 396 1547 et
411 1481 561 1548 defendit
577 1482 711 1548 feodum
723 1486 820 1548 vnius
832 1484 947 1549 militis
960 1485 993 1548 in
1005 1484 1083 1548 villa
1098 1483 1141 1548 de
1154 1483 1297 1548 Bertone
1311 1485 1356 1548 de
1374 1483 1472 1548 leudo

362 1586 533 1670 quondam
555 1586 683 1652 domini
705 1589 894 1653 Alexandri
916 1588 960 1652 de
981 1589 1169 1664 Andeuille
1185 1588 1281 1664 vnde,
1296 1589 1472 1670 quociens-

362 1711 506 1774 cumque
535 1693 722 1776 scutagium
750 1695 850 1758 currit
879 1693 1078 1778 generaliter
1110 1694 1200 1757 Prior
1224 1693 1407 1776 respondet
1431 1691 1473 1756 de

363 1795 514 1878 scutagio
528 1816 590 1878 pro
600 1817 668 1860 vno
680 1797 779 1860 feodo
790 1796 966 1861 heredibus
982 1799 1121 1881 predicti
1133 1797 1260 1862 domini
1273 1797 1473 1862 Alexandri.

365 1898 511 1983 Quando
541 1901 641 1982 igitur
671 1903 857 1985 scutagium
888 1902 1040 1966 currebat
1070 1903 1113 1966 ad
1143 1902 1197 1967 .xl.
1228 1902 1354 1988 solidos
1382 1902 1474 1966 Prior

247 2006 264 2059 l.
283 2007 353 2072 1711>
366 1999 510 2064 reddidit
530 2021 589 2083 per
609 2021 746 2065 manum
762 2021 857 2066 suam
873 2001 927 2066 ,xl
944 2001 1069 2064 solidos
1087 2001 1263 2066 heredibus
1279 2003 1474 2084 prenotatis,

366 2103 424 2167 sed
455 2123 612 2187 magnam
643 2117 771 2188 partem
803 2106 881 2170 inde
907 2105 1032 2170 leuauit
1056 2108 1098 2170 de
1123 2108 1314 2171 tenentibus
1344 2110 1415 2171 suis
1440 2109 1471 2170 in

364 2207 482 2272 eadem
506 2207 585 2272 villa
606 2210 649 2273 de
673 2210 819 2274 Bertone
840 2229 981 2294 quorum
1006 2211 1142 2275 nomina
1172 2211 1359 2296 subscripta
1386 2225 1473 2290 sunt,

364 2310 537 2376 videlicet:

542 2476 588 2530 De
602 2475 726 2546 Hugone
739 2477 870 2546 Fleming
1058 2478 1093 2548 ‚ij.
1108 2478 1222 2533 solidos.

540 2564 587 2618 De
599 2573 760 2620 tenemento
772 2565 910 2635 Johannis
923 2567 950 2621 le
963 2567 1047 2622 Child
1059 2566 1143 2636 .iiij.d.

543 2654 589 2708 De
604 2654 766 2722 Margareta
778 2654 805 2708 le
819 2655 935 2710 Cartere
1059 2655 1094 2726 .ij.
1110 2654 1224 2710 solidos.

541 2743 588 2797 De
599 2743 712 2810 Agneta
723 2743 751 2797 le
762 2743 881 2797 Tannur
1056 2741 1093 2814 .ij.
1107 2742 1246 2798 denarios.

542 2831 588 2884 De
600 2830 733 2885 Ysabella
745 2831 782 2885 de
792 2833 894 2886 Thane
1060 2831 1124 2902 .viij.
1138 2832 1277 2888 denarios.

541 2919 588 2972 De
602 2916 724 2971 Ricardo
739 2918 896 2972 Passeuant
1055 2919 1111 2990 iiij.
1125 2919 1265 2975 denarios.

451 3063 456 3070 ,
542 3007 588 3059 De
602 3005 727 3061 Roberto
739 3006 922 3076 Torcheneys
1054 3009 1080 3078 .j.
1094 3009 1241 3063 denarium
1255 3010 1300 3064 ob.

543 3095 589 3149 De
600 3095 731 3164 Johanne
745 3094 866 3150 Lambin
1055 3097 1091 3165 ij.
1105 3095 1245 3151 denarios.

543 3181 589 3236 De
602 3182 715 3250 Rogero
729 3185 883 3251 Attegrene
1053 3183 1079 3253 .j.
1093 3183 1247 3238 denarium.

543 3269 588 3323 De
601 3267 742 3324 Eduardo
753 3269 781 3323 le
794 3269 909 3324 Cartere
1050 3269 1077 3340 .j.
1091 3270 1237 3326 denarium
1250 3271 1295 3327 ob.

543 3357 589 3410 De
599 3356 731 3426 Johanne
743 3356 780 3411 de
793 3356 926 3412 Gerunde
1050 3358 1085 3429 ij.
1099 3357 1213 3413 solidos.

543 3445 588 3499 De
599 3446 712 3515 Agneta
723 3445 751 3500 le
762 3445 869 3514 Taylur
1049 3465 1083 3502 .v.
1097 3445 1210 3502 solidos.

544 3535 589 3587 De
600 3532 745 3589 Willelmo
757 3531 843 3590 Weld
1046 3535 1129 3606 .xviij.
1142 3535 1281 3594 denarios.

543 3623 589 3677 De
603 3621 727 3678 Ricardo
740 3623 897 3680 Passeuant
1046 3624 1090 3680 ix.
1103 3624 1242 3680 denarios.

544 3712 590 3766 De
603 3710 724 3767 Mabilia
735 3712 772 3766 de
784 3713 925 3784 Wynepol
1044 3754 1050 3768 .

544 3799 590 3853 De
601 3799 731 3870 Johanne
742 3799 893 3856 Auriiabro
1046 3801 1103 3872 iiij.
1117 3802 1248 3857 denarios
1260 3803 1305 3857 ob.

543 3889 590 3942 De
602 3888 745 3959 Margeria
757 3891 794 3945 de
809 3889 943 3946 Lincolne
1040 3892 1094 3963 ‚xij.
1108 3891 1246 3947 denarios

544 3976 590 4029 De
602 3976 715 4032 Thoma
726 3976 754 4032 le
767 3977 874 4032 Bretun
1037 3979 1099 4050 ‚xxi
1113 3978 1252 4034 denarios.

544 4065 589 4119 De
601 4062 714 4119 'l'homa
727 4064 874 4120 Hodierne
1038 4065 1084 4137 iij.
1098 4065 1236 4122 denarios.

1114 4171 1254 4238 Summa
1271 4175 1351 4238 .xix.
1370 4175 1480 4241 solidi.

767 4341 776 4372 ¹
793 4342 887 4394 Scored
900 4343 1015 4408 through.
