3192 5067
153 364 216 464 111]
402 367 479 442 The
505 368 601 441 land
621 368 669 465 of
693 366 851 441 Thomas
885 367 1016 465 Tuylet
1190 390 1255 462 115

250 624 299 691 25.
344 611 509 677 Placitum
530 624 642 679 contra
664 612 844 677 Robertum
866 611 997 678 Hubert
1017 612 1056 677 de
1078 614 1167 677 terra
1272 621 1359 684 inb

573 716 605 781 T
601 719 693 782 home
719 717 839 800 Tuylet.

209 850 376 925 H[enricus]
406 854 453 909 dei
484 854 581 925 gracia
611 865 664 910 etc.
690 852 848 910 vicecomiti
879 852 1105 924 cantebrigiensi
1130 854 1258 909 salutem
1274 854 1425 949 &rippam

156 939 330 1011 Precipimus
347 942 397 997 tibi
415 943 486 999 sicut
504 944 575 999 alias
593 943 644 998 tibi
663 944 840 1014 precepimus
856 943 933 1014 quod
949 943 1046 998 venire
1062 943 1151 996 facias
1164 958 1260 997 coram
1274 958 1313 999 ru
1331 957 1374 998 let.

150 1025 314 1099 justiciarijs
335 1031 439 1085 nostris
461 1031 537 1101 apud
558 1032 844 1087 westmonasterium
866 1032 895 1086 in
917 1030 1027 1086 octabis
1050 1030 1261 1085 Purificacionis
1275 1006 1424 1111 ffpoml‘

154 1113 238 1168 beate
252 1116 343 1170 Marie
356 1116 530 1171 willelmum
547 1116 583 1171 de
601 1117 702 1183 Stowe,
716 1117 860 1185 Rogerum
873 1116 909 1170 de
926 1115 1042 1184 Wykes,
1057 1116 1213 1169 Robertum
1225 1115 1261 1169 de
1275 1107 1425 1207 ξζῗξῇξὲζς

155 1202 1261 1273 sanctoEadmundo,EustachiumDunning,LeoniumDunning‚etJohannem
1275 1209 1362 1251 orn-e
1371 1208 1402 1249 he

155 1288 192 1345 de
204 1289 279 1355 Tolt,
292 1300 378 1347 testes
394 1292 556 1347 nominatos
572 1291 601 1346 in
618 1292 744 1362 quadam
756 1302 835 1347 carta
851 1308 936 1361 quam
951 1291 1031 1345 Prior
1042 1289 1078 1344 de
1092 1290 1262 1345 Bemewelle
1275 1258 1380 1351 mil

155 1376 276 1431 incuria
286 1388 384 1434 nostra
400 1396 497 1435 coram
506 1378 670 1450 justiciarijs
687 1379 791 1434 nostris
809 1379 885 1450 apud
901 1378 1187 1434 westmonasterium
1200 1396 1262 1449 pro·
1275 1360 1318 1403 ⁸¹¹⁸
1328 1356 1414 1421 Prior?

154 1464 208 1518 sert
221 1466 274 1520 sub
285 1467 401 1522 nomine
413 1467 524 1522 Thome
537 1466 647 1535 Tuylet.
685 1468 723 1521 Et
736 1476 830 1537 preter
842 1466 904 1521 illos
917 1466 971 1535 aiij.
985 1474 1044 1520 tam
1061 1466 1164 1521 milites
1176 1483 1264 1537 quam

154 1552 226 1607 alios
251 1554 354 1609 liberos
379 1565 407 1610 et
431 1556 537 1625 legales
565 1555 704 1622 homines,
728 1564 789 1608 tam
816 1553 970 1610 forinsecos
999 1571 1086 1624 quam
1114 1554 1150 1609 de
1174 1556 1264 1623 burgo

158 1641 347 1712 Cantebrigie‚
367 1643 546 1710 Bemewelle,
566 1652 593 1697 et
613 1644 800 1710 Newenharn‚
818 1660 868 1714 per
887 1660 959 1715 quos
979 1642 1019 1697 rei
1039 1643 1143 1698 ueritas
1163 1642 1263 1698 melius

157 1727 222 1781 sciri
234 1728 344 1798 poterit,
358 1730 405 1801 qui
419 1746 471 1785 nec
486 1730 642 1785 Robertum
659 1730 748 1783 lilium
766 1729 884 1785 Roberti
899 1730 1010 1785 Hubert
1023 1745 1076 1784 nec
1090 1730 1215 1785 Priorem
1228 1729 1264 1783 de

159 1816 328 1872 Berneuelle
341 1817 436 1887 aliqua
448 1818 584 1873 affinitate
596 1818 746 1889 attingant,
757 1818 794 1873 ad
804 1819 1065 1889 recognoscendum
1078 1834 1162 1888 super
1171 1834 1263 1873 sacra-

157 1914 285 1958 mentum
297 1920 380 1959 suum
393 1905 416 1960 si
429 1906 573 1976 predictus
582 1908 710 1961 Thomas
720 1923 791 1961 auus
802 1905 920 1976 predicti
932 1905 1049 1961 Roberti
1060 1905 1129 1974 obijt
1143 1906 1265 1975 saysitus

157 1992 187 2047 in
200 1992 344 2049 dominico
359 2011 410 2049 suo
426 2005 457 2050 ut
474 1996 510 2050 de
525 1995 611 2051 ieodo
627 1995 664 2051 dc
681 1994 886 2066 quinquaginta
902 2003 931 2050 et
948 2003 1013 2047 octo
1025 1992 1098 2047 acris
1111 2003 1183 2048 terre
1200 2010 1265 2048 curn

157 2080 338 2151 pertinencijs
357 2082 386 2137 in
407 2083 597 2154 Cantebrigia,
611 2083 792 2151 Bernewelle,
810 2083 994 2149 Newenham,
1008 2091 1035 2137 et
1054 2082 1091 2137 de
1109 2091 1173 2136 octo
1192 2082 1265 2136 acris

158 2178 231 2224 terre
247 2186 312 2225 cum
327 2172 507 2243 pertinencijs
524 2173 554 2227 in
572 2173 680 2227 eisdem
693 2171 765 2226 villis
783 2170 856 2226 sicut
873 2170 1016 2241 predictus
1034 2171 1176 2225 Robertus
1189 2170 1265 2239 dicit,

158 2258 204 2312 vel
223 2258 248 2313 si
270 2258 347 2313 idem
366 2259 494 2315 Thomas
513 2258 641 2315 ieoffauit
660 2259 818 2329 predictum
838 2260 964 2314 Priorem
983 2259 1019 2313 de
1037 2257 1171 2329 predictis
1189 2267 1265 2313 tene·

158 2346 269 2414 mentis,
288 2357 317 2404 et
335 2348 428 2420 ipsum
446 2366 497 2421 per
513 2351 631 2419 longum
649 2360 761 2419 tempus
779 2358 846 2405 ante
866 2358 985 2404 mortem
1004 2365 1086 2403 suam
1104 2348 1140 2403 de
1157 2348 1266 2403 eisdem

157 2436 326 2492 tenementis
339 2437 368 2491 in
381 2437 538 2508 plenariam
550 2453 701 2506 saysynam
713 2436 808 2507 posuit
821 2435 893 2492 sicut
905 2436 1049 2506 predictus
1063 2435 1143 2491 Prior
1154 2435 1230 2491 dicit.

213 2524 252 2577 Et
272 2533 303 2578 tu
325 2524 386 2596 ipse
407 2533 474 2579 tunc
498 2526 538 2580 sis
559 2525 598 2579 ibi
620 2524 766 2579 auditurus
790 2523 925 2579 iudicium
950 2532 1030 2578 tuum
1052 2523 1087 2576 de
1111 2523 1165 2577 hoc
1189 2522 1266 2594 quod

159 2610 301 2680 predictos
322 2619 409 2666 testes
428 2622 456 2666 et
475 2611 584 2681 juratos
606 2629 702 2667 coram
719 2611 884 2682 justiciarijs
905 2611 1009 2667 nostris
1031 2612 1107 2681 apud
1125 2612 1266 2665 westmo-

160 2700 314 2755 nasterium
343 2701 372 2755 in
404 2700 528 2756 crastino
557 2701 726 2755 Animarum
757 2700 854 2755 venire
881 2718 938 2755 non
969 2700 1082 2769 lecistis,
1113 2700 1185 2755 sicut
1215 2700 1267 2755 tibi

160 2797 324 2860 preceptum
343 2787 404 2856 luit,
424 2789 491 2859 quia
510 2797 570 2842 tam
591 2787 734 2858 predictus
757 2788 838 2842 Prior
856 2804 943 2859 quam
964 2787 1106 2858 predictus
1127 2787 1267 2842 Robertus

159 2876 234 2931 inter
253 2893 325 2946 quos
349 2885 393 2931 est
417 2875 484 2931 inde
504 2878 653 2931 contencio
674 2886 829 2946 posuerunt
854 2877 936 2931 sein
957 2876 1082 2946 juratam
1107 2877 1191 2931 illam.
1229 2877 1268 2931 Et

159 2964 266 3019 habeas
286 2964 326 3019 ibi
345 2963 465 3018 nomina
486 2963 695 3033 recognitorum
711 2973 740 3018 et
759 2964 815 3018 hoc
832 2964 925 3019 breue.
963 2967 1049 3020 Teste
1067 2961 1220 3035 G[ilberto]
1231 2963 1268 3018 de

162 3052 311 3107 Prestone¹
324 3051 400 3122 apud
412 3052 698 3107 Westmonasterium
709 3051 756 3107 xii„
770 3051 817 3107 die
831 3052 1007 3107 Decembris.

335 3225 385 3288 26.
429 3223 596 3288 Placitum
616 3234 729 3288 contra
750 3224 884 3288 eundem
906 3223 1092 3289 Robertum.

227 3363 425 3444 Preceptum
453 3360 515 3426 suit
541 3362 727 3426 vicecomiti
758 3362 848 3446 quod
880 3362 994 3426 uenire
1023 3361 1124 3425 faciat
1153 3380 1266 3425 coram

161 3464 358 3551 Justiciarijs
389 3475 459 3545 etc„
491 3467 674 3532 Henricum
705 3467 748 3530 de
779 3466 956 3544 ChilderIe,
986 3466 1193 3531 willelmum
1224 3466 1267 3529 de

163 3572 284 3649 Stowe,
311 3571 481 3655 Rogerum
508 3571 552 3635 de
579 3571 717 3653 wykes‚
744 3571 931 3637 Robertum
954 3572 996 3635 de
1025 3571 1151 3637 Sancto
1179 3570 1268 3633 Ead-

161 3675 298 3751 mundo,
309 3674 528 3739 Eustachium
542 3676 714 3757 Donning,
726 3675 890 3739 Leonium
909 3675 1080 3757 Dunning,
1095 3684 1129 3739 et
1144 3673 1268 3755 johan-

162 3799 239 3845 nem
262 3779 304 3842 de
328 3777 454 3855 Tostes‚
476 3787 579 3843 testes
606 3778 797 3843 nominatos
823 3780 855 3843 in
880 3780 1027 3862 quadam
1051 3786 1142 3843 carta
1166 3797 1267 3860 quam

162 3885 256 3949 Prior
276 3885 320 3948 de
343 3883 544 3948 Bernewelle
566 3883 600 3947 in
623 3883 714 3948 curia
734 3883 862 3948 domini
886 3885 988 3967 Regis
1010 3880 1135 3965 profert
1155 3901 1267 3945 coram

159 3988 352 4072 justiciarijs
374 3988 437 4051 sub
458 3987 593 4051 nomine
616 3987 748 4051 Thome
771 3988 905 4069 Tuylet‚
921 3995 954 4051 et
977 3996 1088 4069 preter
1111 3984 1185 4048 illos
1200 3984 1267 4066 aiij.

161 4103 232 4158 tam
250 4092 370 4157 milites
386 4100 446 4155 etc.
463 4100 532 4156 tam
549 4090 731 4156 forinsecos
747 4113 848 4176 quam
865 4093 907 4157 de
923 4093 1030 4175 burgo
1047 4089 1269 4171 Cantebrigie,

164 4197 375 4272 Bernewelle‚
391 4196 610 4273 Newenham,
625 4217 685 4279 per
704 4217 789 4280 quos
810 4198 856 4260 rei
877 4197 1000 4260 ueritas
1021 4205 1072 4259 est
1087 4204 1148 4258 etc
1164 4193 1269 4275 etqui

162 4324 224 4371 nec
251 4301 437 4365 Robertum
465 4311 526 4365 etc
554 4300 597 4366 ad
622 4302 930 4385 recognoscendum
959 4310 1019 4365 etc.
1047 4300 1074 4363 si
1101 4296 1270 4380 predictus

256 4428 265 4465 ¹
283 4432 409 4496 Probably
420 4430 520 4482 Gilbert
532 4432 648 4491 Praetori,
658 4432 749 4497 justice
761 4430 790 4491 ol
798 4430 842 4489 tlte
854 4431 945 4497 King’s
957 4430 1052 4491 Beuch,
1065 4430 1092 4479 d·
1107 4444 1176 4493 ¹²74·

1112 4530 1190 4593 8—ae
