3192 5067
164 313 219 414 lv]
302 317 378 392 Tlre
397 319 498 414 good
518 319 622 393 deeris
648 320 696 417 os
713 321 856 395 Roberl
877 319 921 394 de
946 321 1138 395 Fulbourn
1194 345 1237 393 22
1243 345 1263 413 3

161 513 312 588 tempore
333 506 508 589 Laurencij
532 506 660 584 Prioris,
675 507 845 572 dedicauit
866 505 1029 590 capellam
1046 507 1144 572 beate
1160 507 1267 571 Marie
1278 515 1420 618 gfffigfly

161 609 194 672 in
215 609 341 674 honore
361 611 510 674 eiusdem
534 611 677 694 gloriose
695 611 749 677 dei
770 611 939 694 genitricis
957 621 992 675 et
1007 611 1143 694 virginis
1160 611 1265 676 Marie
1280 625 1336 666 ¹²²⁹·
1422 595 1429 616 ’

160 723 194 778 et
215 714 331 780 Sancti
356 717 527 780 Edmundi
549 718 637 799 regis
659 725 693 780 et
715 717 866 792 martiris,
881 726 915 781 et
937 717 1100 780 concessit
1123 716 1177 782 ‚xl
1194 717 1265 780 dies
1278 716 1295 767 s·
1308 717 1365 779 85b

160 820 377 905 indulgencie.
424 823 471 886 Et
494 823 570 886 ideo
595 823 735 905 singulis
759 823 857 887 annis
882 823 936 886 die
967 822 1091 888 Sancte
1120 822 1266 905 Agnetis

159 925 344 990 celebratur
364 928 465 992 missa
490 929 532 992 de
554 929 778 1004 dedicacione,
797 939 832 993 et
853 928 909 992 die
932 929 1046 994 Sancti
1071 927 1265 992 Eadmundi

160 1031 245 1111 regis
269 1032 369 1095 missa
391 1033 435 1096 de
457 1032 575 1097 eodem
600 1042 745 1117 martyre
768 1034 801 1096 in
824 1033 942 1097 eadem
965 1032 1101 1116 capella.

343 1340 391 1402 29.
436 1322 488 1386 De
509 1322 668 1408 magistro
689 1322 828 1386 Roberto
849 1323 888 1386 de
907 1322 1080 1388 Fulburne.

227 1477 288 1540 Per
311 1496 436 1540 annum
463 1477 628 1558 integrum
653 1485 688 1540 et
714 1485 781 1540 tres
809 1496 941 1540 menses
967 1486 1046 1541 ante
1073 1476 1262 1540 incendium
1277 1483 1420 1578 algam-s

158 1580 296 1644 ecclesie
312 1591 424 1644 nostre
444 1580 529 1662 obijt
546 1579 704 1662 magister
721 1579 890 1644 Robertus
910 1581 953 1644 de
975 1580 1153 1653 Fulburne,
1169 1580 1264 1654 cuius
1278 1585 1409 1678 {pm}

159 1685 270 1748 anime
292 1685 375 1749 deus
398 1685 611 1768 omnipotens
635 1683 840 1760 misereatur,
863 1694 897 1748 et
919 1683 977 1747 det
999 1685 1029 1747 ei
1054 1685 1200 1766 requiem
1230 1685 1262 1746 in

158 1788 285 1854 lumine
311 1790 509 1853 uiuencium.
554 1789 778 1872 Temporibus
805 1789 928 1854 nostris
954 1810 1020 1852 non
1049 1789 1110 1853 suit
1137 1790 1264 1852 amicus

158 1893 314 1957 inuentus
330 1894 446 1957 similis
462 1892 518 1968 illi,
533 1894 589 1977 qui
606 1902 657 1956 tot
672 1903 707 1958 et
723 1903 818 1957 tanta
833 1893 922 1957 bona
937 1893 1114 1957 contulerit
1125 1892 1264 1958 ecclesie

159 2009 279 2064 nostre.
340 1997 475 2063 Viuenti
513 1997 648 2082 quidem
685 1997 868 2082 aliquando
897 1999 1096 2063 tenebamur
1125 1999 1158 2061 in
1189 2019 1263 2062 ‚ccc

159 2105 277 2168 marcis
299 2124 383 2187 quas
407 2103 503 2167 nobis
525 2113 642 2167 mutuo
665 2102 805 2167 tradidit
824 2113 858 2167 et
879 2105 912 2166 in
937 2104 1126 2186 potenciam
1150 2112 1264 2166 nostre

157 2209 336 2272 solucionis
359 2209 528 2291 pacienter
549 2207 716 2272 sustinuit.
762 2206 909 2271 Multum
931 2206 1066 2289 quidem
1088 2206 1264 2271 beniuolus

158 2313 254 2377 nobis
290 2315 415 2389 extitit,
447 2323 481 2377 et
515 2313 577 2378 hoc
616 2314 648 2377 in
688 2323 795 2376 morte
832 2334 893 2376 sua
923 2321 1077 2396 patenter
1105 2312 1261 2378 ostendit.

160 2419 324 2484 Habitum
341 2419 477 2502 quidem
494 2427 645 2483 nostrum
667 2418 837 2482 humiliter
852 2418 963 2502 peciit,
981 2428 1015 2482 et
1037 2419 1130 2482 Prior
1150 2427 1263 2482 noster

158 2524 288 2608 Symon
324 2525 432 2606 ipsum
469 2524 501 2587 in
538 2523 641 2586 domo
676 2543 736 2587 sua
772 2525 905 2606 propria
942 2523 1019 2587 inde
1050 2524 1193 2600 uestiuit,
1224 2544 1262 2586 ac

156 2632 322 2714 deinceps,
347 2649 451 2712 usque
473 2629 516 2693 ad
539 2627 668 2691 obitum
691 2648 798 2703 suum,
820 2627 999 2691 canonicus
1021 2627 1158 2712 quidam
1186 2650 1290 2692 cum.

156 2758 197 2801 eo
209 2723 404 2820 permansit'
447 2734 600 2798 Mortuus
610 2754 743 2817 quoque
752 2733 883 2797 delatus
896 2744 946 2797 est
958 2736 1047 2816 apud
1061 2734 1263 2799 Bemewelle

157 2863 232 2907 curn
264 2841 390 2914 honore
420 2859 544 2921 magno
570 2847 605 2902 et
635 2839 667 2900 in
698 2837 837 2904 ecclesia
866 2859 979 2902 coram
1010 2839 1115 2903 altare
1146 2839 1262 2904 Sancti

157 2946 339 3029 Augustini
355 2945 418 3008 sub
433 2944 545 3026 lapide
566 2963 753 3007 marmoreo
773 2944 932 3026 sepultus.
978 2943 1072 3027 Quot
1090 2946 1180 3010 bona
1204 2967 1263 3030 per
1323 3023 1329 3034 ι

156 3071 234 3116 eum
243 3033 380 3114 ecclesie
391 3058 502 3113 nostre
515 3057 744 3112 remanserunt
756 3049 871 3132 paucis
882 3049 1091 3112 sermonibus
1101 3051 1262 3134 explicari

156 3178 222 3221 non
234 3164 383 3240 possunt.
428 3154 506 3218 Duo
516 3153 651 3237 quidem
663 3153 824 3237 palefridi,
833 3154 890 3237 qui
903 3175 1023 3238 corpus
1036 3166 1263 3239 portauerant,

157 3268 398 3336 remanserunt,
420 3259 503 3323 disci
526 3267 560 3321 et
585 3257 673 3342 ciphi
698 3257 803 3334 multi,
834 3257 993 3323 librorum
1024 3260 1121 3344 copia
1147 3261 1262 3326 multa.

156 3365 247 3451 Quid
264 3364 381 3450 plura?
428 3363 476 3428 Vt
491 3362 636 3426 breuiter
651 3361 776 3445 loquar,
791 3371 901 3425 totum
914 3362 1075 3439 debitum,
1091 3364 1124 3427 in
1144 3386 1211 3449 quo
1231 3368 1261 3431 ei

156 3471 362 3545 tenebamur,
392 3468 488 3531 nobis
506 3455 690 3530 ¹dimissum
721 3476 783 3542 est,
813 3476 848 3530 et
873 3467 1040 3549 obligacio
1069 3469 1262 3549 cancellata,

155 3576 243 3641 vnde
266 3576 410 3639 creditur
429 3573 519 3657 quod
541 3581 618 3656 post
642 3581 784 3636 mortem
805 3573 877 3636 eius
896 3573 1036 3657 singulis
1058 3579 1261 3658 computatis

156 3702 260 3766 usque
273 3682 316 3745 ad
328 3698 494 3745 summam
511 3678 769 3762 quingentarum
787 3697 972 3742 marcarum
987 3680 1031 3744 de
1046 3681 1142 3745 bonis
1158 3682 1261 3766 ipsius

155 3786 302 3853 defuncti
320 3786 467 3870 respexit
482 3786 565 3849 deus
580 3784 754 3848 ecclesiam
771 3793 939 3862 nostram;
961 3784 1020 3848 sed
1034 3784 1179 3868 qualiter
1195 3789 1260 3853 ista

155 3894 296 3978 pecunia
330 3893 397 3956 cito
432 3890 494 3954 suit
529 3889 696 3954 exhausta
724 3890 808 3953 deus
838 3890 941 3954 nouit.
987 3890 1140 3956 Preterea
1170 3893 1257 3960 idem
1273 3914 1413 3968 nrnrnor

156 4000 313 4084 magister
325 3997 492 4062 Robertus
501 3995 596 4059 dedit
606 3995 702 4058 nobis
711 3993 1041 4078 domumlapideam¹
1050 4017 1095 4060 ex
1102 3999 1259 4082 opposito
1271 4015 1383 4117 igme

154 4106 291 4169 ecclesie
318 4101 434 4168 Sancti
462 4099 636 4184 Sepulchri
665 4099 888 4182 Cantcbrigie,
911 4109 947 4163 vt
971 4121 1032 4184 pro
1055 4121 1096 4164 eo
1119 4101 1256 4185 quidam
1270 4115 1397 4209 gfigpu·

153 4209 331 4275 canonicus
358 4206 540 4270 celebraret
562 4204 806 4287 inperpetuum.
852 4203 1066 4288 Quapropter
1087 4207 1130 4269 ad
1154 4206 1258 4270 altare
1269 4215 1408 4314 wigii

559 4355 567 4390 ¹
584 4356 719 4426 lapideum,
732 4355 788 4410 MS.
