<?xml version="1.0" encoding="UTF-8"?>
<!DOCTYPE html PUBLIC "-//W3C//DTD XHTML 1.0 Transitional//EN"
    "http://www.w3.org/TR/xhtml1/DTD/xhtml1-transitional.dtd">
<html xmlns="http://www.w3.org/1999/xhtml" xml:lang="en" lang="en">
 <head>
  <title>
</title>
<meta http-equiv="Content-Type" content="text/html;charset=utf-8" />
  <meta name='ocr-system' content='tesseract 3.04.00' />
  <meta name='ocr-capabilities' content='ocr_page ocr_carea ocr_par ocr_line ocrx_word'/>
</head>
<body>
  <div class='ocr_page' id='page_1' title='image "./libermemorandor01clargoog/libermemorandor01clargoog_0105.png"; bbox 0 0 3192 5067; ppageno 0'>
   <div class='ocr_carea' id='block_1_1' title="bbox 261 1532 1158 1815">
    <p class='ocr_par' dir='ltr' id='par_1_1' title="bbox 261 1532 1158 1815">
     <span class='ocr_line' id='line_1_1' title="bbox 261 1532 1158 1618; baseline 0.002 -3"><span class='ocrx_word' id='word_1_1' title='bbox 261 1532 575 1618; x_wconf 88' lang='lat' dir='ltr'><strong>ECCLESIE</strong></span> <span class='ocrx_word' id='word_1_2' title='bbox 618 1535 705 1618; x_wconf 90' lang='lat' dir='ltr'>DE</span> <span class='ocrx_word' id='word_1_3' title='bbox 749 1534 1158 1618; x_wconf 88' lang='lat' dir='ltr'>BERNWELLE</span> 
     </span>
     <span class='ocr_line' id='line_1_2' title="bbox 494 1739 928 1815; baseline 0.005 -2"><span class='ocrx_word' id='word_1_4' title='bbox 494 1739 664 1813; x_wconf 88' lang='lat' dir='ltr'>LIBER</span> <span class='ocrx_word' id='word_1_5' title='bbox 702 1740 928 1815; x_wconf 89' lang='lat' dir='ltr'><strong>PRIMUS.</strong></span> 
     </span>
    </p>
   </div>
   <div class='ocr_carea' id='block_1_2' title="bbox 306 2098 1117 2269">
    <p class='ocr_par' dir='ltr' id='par_1_2' title="bbox 306 2098 1117 2269">
     <span class='ocr_line' id='line_1_3' title="bbox 306 2098 1117 2185; baseline -0.002 -19"><span class='ocrx_word' id='word_1_6' title='bbox 306 2103 467 2185; x_wconf 75' lang='lat' dir='ltr'><em>Prologus</em></span> <span class='ocrx_word' id='word_1_7' title='bbox 489 2100 524 2166; x_wconf 82' lang='lat' dir='ltr'>in</span> <span class='ocrx_word' id='word_1_8' title='bbox 546 2099 668 2165; x_wconf 78' lang='lat' dir='ltr'>librum</span> <span class='ocrx_word' id='word_1_9' title='bbox 691 2098 974 2163; x_wconf 78' lang='lat' dir='ltr'>memorandorum</span> <span class='ocrx_word' id='word_1_10' title='bbox 996 2100 1117 2164; x_wconf 81' lang='lat' dir='ltr'><em>ecclesie</em></span> 
     </span>
     <span class='ocr_line' id='line_1_4' title="bbox 457 2202 959 2269; baseline -0.004 0"><span class='ocrx_word' id='word_1_11' title='bbox 457 2203 677 2269; x_wconf 79' lang='lat' dir='ltr'>conumtualis</span> <span class='ocrx_word' id='word_1_12' title='bbox 698 2203 738 2267; x_wconf 74' lang='lat' dir='ltr'>dc</span> <span class='ocrx_word' id='word_1_13' title='bbox 761 2202 959 2267; x_wconf 79' lang='lat' dir='ltr'>chewello.</span> 
     </span>
    </p>
   </div>
   <div class='ocr_carea' id='block_1_3' title="bbox 221 2383 1403 2487">
    <p class='ocr_par' dir='ltr' id='par_1_3' title="bbox 221 2383 1403 2487">
     <span class='ocr_line' id='line_1_5' title="bbox 221 2383 1403 2487; baseline -0.004 -37"><span class='ocrx_word' id='word_1_14' title='bbox 221 2384 301 2450; x_wconf 90' lang='lat' dir='ltr'>Sole</span> <span class='ocrx_word' id='word_1_15' title='bbox 316 2385 359 2449; x_wconf 96' lang='lat' dir='ltr'>ad</span> <span class='ocrx_word' id='word_1_16' title='bbox 372 2405 528 2449; x_wconf 89' lang='lat' dir='ltr'>occasum</span> <span class='ocrx_word' id='word_1_17' title='bbox 540 2384 709 2459; x_wconf 79' lang='lat' dir='ltr'><strong>tendente,</strong></span> <span class='ocrx_word' id='word_1_18' title='bbox 722 2383 830 2447; x_wconf 89' lang='lat' dir='ltr'>feruor</span> <span class='ocrx_word' id='word_1_19' title='bbox 845 2383 911 2449; x_wconf 91' lang='lat' dir='ltr'>diei</span> <span class='ocrx_word' id='word_1_20' title='bbox 927 2384 1076 2466; x_wconf 90' lang='lat' dir='ltr'>tepescit,</span> <span class='ocrx_word' id='word_1_21' title='bbox 1088 2394 1121 2449; x_wconf 89' lang='lat' dir='ltr'>et</span> <span class='ocrx_word' id='word_1_22' title='bbox 1138 2384 1264 2448; x_wconf 90' lang='lat' dir='ltr'>mundo</span> <span class='ocrx_word' id='word_1_23' title='bbox 1276 2394 1403 2487; x_wconf 43' lang='lat' dir='ltr'>{appion</span> 
     </span>
    </p>
   </div>
   <div class='ocr_carea' id='block_1_4' title="bbox 154 2485 1353 2572">
    <p class='ocr_par' dir='ltr' id='par_1_4' title="bbox 154 2485 1353 2572">
     <span class='ocr_line' id='line_1_6' title="bbox 154 2485 1353 2572; baseline -0.002 -20"><span class='ocrx_word' id='word_1_24' title='bbox 154 2498 358 2566; x_wconf 82' lang='lat' dir='ltr'>senescente,</span> <span class='ocrx_word' id='word_1_25' title='bbox 373 2490 493 2554; x_wconf 90' lang='lat' dir='ltr'>caritas</span> <span class='ocrx_word' id='word_1_26' title='bbox 514 2488 705 2572; x_wconf 82' lang='lat' dir='ltr'>refrigescit.</span> <span class='ocrx_word' id='word_1_27' title='bbox 751 2485 829 2564; x_wconf 85' lang='lat' dir='ltr'>Sed,</span> <span class='ocrx_word' id='word_1_28' title='bbox 849 2487 928 2570; x_wconf 93' lang='lat' dir='ltr'>quia</span> <span class='ocrx_word' id='word_1_29' title='bbox 948 2488 1107 2571; x_wconf 90' lang='lat' dir='ltr'>scripturn</span> <span class='ocrx_word' id='word_1_30' title='bbox 1132 2499 1191 2565; x_wconf 88' lang='lat' dir='ltr'>est,</span> <span class='ocrx_word' id='word_1_31' title='bbox 1207 2486 1263 2551; x_wconf 91' lang='lat' dir='ltr'>ubi</span> <span class='ocrx_word' id='word_1_32' title='bbox 1276 2494 1353 2537; x_wconf 72' lang='lat' dir='ltr'>work·</span> 
     </span>
    </p>
   </div>
   <div class='ocr_carea' id='block_1_5' title="bbox 152 2592 1266 4346">
    <p class='ocr_par' dir='ltr' id='par_1_5' title="bbox 152 2592 1266 4346">
     <span class='ocr_line' id='line_1_7' title="bbox 155 2592 1264 2677; baseline -0.003 -20"><span class='ocrx_word' id='word_1_33' title='bbox 155 2594 337 2677; x_wconf 84' lang='lat' dir='ltr'>refrigescit</span> <span class='ocrx_word' id='word_1_34' title='bbox 353 2595 473 2657; x_wconf 88' lang='lat' dir='ltr'>caritas</span> <span class='ocrx_word' id='word_1_35' title='bbox 489 2593 535 2657; x_wconf 91' lang='lat' dir='ltr'>ibi</span> <span class='ocrx_word' id='word_1_36' title='bbox 551 2593 744 2656; x_wconf 87' lang='lat' dir='ltr'>dominatur</span> <span class='ocrx_word' id='word_1_37' title='bbox 763 2592 930 2674; x_wconf 87' lang='lat' dir='ltr'>iniquitas,</span> <span class='ocrx_word' id='word_1_38' title='bbox 948 2613 1015 2657; x_wconf 92' lang='lat' dir='ltr'>non</span> <span class='ocrx_word' id='word_1_39' title='bbox 1034 2602 1084 2657; x_wconf 91' lang='lat' dir='ltr'>est</span> <span class='ocrx_word' id='word_1_40' title='bbox 1100 2594 1220 2656; x_wconf 91' lang='lat' dir='ltr'>mirum</span> <span class='ocrx_word' id='word_1_41' title='bbox 1236 2593 1264 2655; x_wconf 89' lang='lat' dir='ltr'>si</span> 
     </span>
     <span class='ocr_line' id='line_1_8' title="bbox 155 2693 1263 2778; baseline 0 -19"><span class='ocrx_word' id='word_1_42' title='bbox 155 2696 245 2760; x_wconf 79' lang='lat' dir='ltr'>fraus</span> <span class='ocrx_word' id='word_1_43' title='bbox 260 2697 357 2760; x_wconf 92' lang='lat' dir='ltr'>dolus</span> <span class='ocrx_word' id='word_1_44' title='bbox 378 2707 413 2760; x_wconf 92' lang='lat' dir='ltr'>et</span> <span class='ocrx_word' id='word_1_45' title='bbox 434 2697 574 2771; x_wconf 89' lang='lat' dir='ltr'>malicia,</span> <span class='ocrx_word' id='word_1_46' title='bbox 589 2706 767 2778; x_wconf 90' lang='lat' dir='ltr'>ceteraque</span> <span class='ocrx_word' id='word_1_47' title='bbox 787 2696 874 2757; x_wconf 89' lang='lat' dir='ltr'>uicia</span> <span class='ocrx_word' id='word_1_48' title='bbox 894 2696 928 2758; x_wconf 94' lang='lat' dir='ltr'>in</span> <span class='ocrx_word' id='word_1_49' title='bbox 949 2695 1075 2758; x_wconf 91' lang='lat' dir='ltr'>mundo</span> <span class='ocrx_word' id='word_1_50' title='bbox 1091 2693 1263 2778; x_wconf 90' lang='lat' dir='ltr'>pululent;</span> 
     </span>
     <span class='ocr_line' id='line_1_9' title="bbox 154 2796 1263 2883; baseline -0.003 -19"><span class='ocrx_word' id='word_1_51' title='bbox 154 2802 214 2864; x_wconf 86' lang='lat' dir='ltr'>sed</span> <span class='ocrx_word' id='word_1_52' title='bbox 246 2802 353 2883; x_wconf 87' lang='lat' dir='ltr'>magis</span> <span class='ocrx_word' id='word_1_53' title='bbox 383 2801 572 2865; x_wconf 88' lang='lat' dir='ltr'>timendum</span> <span class='ocrx_word' id='word_1_54' title='bbox 608 2809 668 2877; x_wconf 93' lang='lat' dir='ltr'>est,</span> <span class='ocrx_word' id='word_1_55' title='bbox 697 2800 725 2861; x_wconf 90' lang='lat' dir='ltr'>si</span> <span class='ocrx_word' id='word_1_56' title='bbox 755 2796 1002 2876; x_wconf 87' lang='lat' dir='ltr'>conualescant,</span> <span class='ocrx_word' id='word_1_57' title='bbox 1031 2800 1122 2881; x_wconf 91' lang='lat' dir='ltr'>quod</span> <span class='ocrx_word' id='word_1_58' title='bbox 1154 2808 1263 2862; x_wconf 88' lang='lat' dir='ltr'>toturn</span> 
     </span>
     <span class='ocr_line' id='line_1_10' title="bbox 155 2902 1264 2987; baseline 0 -20"><span class='ocrx_word' id='word_1_59' title='bbox 155 2904 318 2968; x_wconf 91' lang='lat' dir='ltr'>mundum</span> <span class='ocrx_word' id='word_1_60' title='bbox 343 2926 405 2968; x_wconf 91' lang='lat' dir='ltr'>suo</span> <span class='ocrx_word' id='word_1_61' title='bbox 430 2925 561 2969; x_wconf 91' lang='lat' dir='ltr'>ueneno</span> <span class='ocrx_word' id='word_1_62' title='bbox 586 2904 743 2968; x_wconf 87' lang='lat' dir='ltr'>inficient.</span> <span class='ocrx_word' id='word_1_63' title='bbox 788 2902 878 2987; x_wconf 85' lang='lat' dir='ltr'>Quia</span> <span class='ocrx_word' id='word_1_64' title='bbox 902 2912 1015 2967; x_wconf 90' lang='lat' dir='ltr'>tamen</span> <span class='ocrx_word' id='word_1_65' title='bbox 1041 2904 1095 2987; x_wconf 90' lang='lat' dir='ltr'>pie</span> <span class='ocrx_word' id='word_1_66' title='bbox 1119 2903 1264 2968; x_wconf 87' lang='lat' dir='ltr'>creditur</span> 
     </span>
     <span class='ocr_line' id='line_1_11' title="bbox 155 3007 1263 3093; baseline -0.001 -20"><span class='ocrx_word' id='word_1_67' title='bbox 155 3009 256 3092; x_wconf 90' lang='lat' dir='ltr'>quod,</span> <span class='ocrx_word' id='word_1_68' title='bbox 284 3010 339 3073; x_wconf 92' lang='lat' dir='ltr'>ubi</span> <span class='ocrx_word' id='word_1_69' title='bbox 364 3020 415 3074; x_wconf 89' lang='lat' dir='ltr'>est</span> <span class='ocrx_word' id='word_1_70' title='bbox 442 3010 577 3093; x_wconf 88' lang='lat' dir='ltr'>spiritus</span> <span class='ocrx_word' id='word_1_71' title='bbox 604 3008 667 3085; x_wconf 90' lang='lat' dir='ltr'>dei,</span> <span class='ocrx_word' id='word_1_72' title='bbox 691 3008 736 3071; x_wconf 95' lang='lat' dir='ltr'>ibi</span> <span class='ocrx_word' id='word_1_73' title='bbox 764 3009 826 3072; x_wconf 89' lang='lat' dir='ltr'>erit</span> <span class='ocrx_word' id='word_1_74' title='bbox 853 3017 887 3071; x_wconf 91' lang='lat' dir='ltr'>et</span> <span class='ocrx_word' id='word_1_75' title='bbox 912 3007 1066 3086; x_wconf 90' lang='lat' dir='ltr'>libertas;</span> <span class='ocrx_word' id='word_1_76' title='bbox 1097 3009 1182 3071; x_wconf 90' lang='lat' dir='ltr'>serui</span> <span class='ocrx_word' id='word_1_77' title='bbox 1209 3009 1263 3072; x_wconf 91' lang='lat' dir='ltr'>dei</span> 
     </span>
     <span class='ocr_line' id='line_1_12' title="bbox 154 3112 1263 3196; baseline 0 -19"><span class='ocrx_word' id='word_1_78' title='bbox 154 3114 310 3196; x_wconf 90' lang='lat' dir='ltr'>quamuis</span> <span class='ocrx_word' id='word_1_79' title='bbox 335 3133 505 3195; x_wconf 86' lang='lat' dir='ltr'>pressuras</span> <span class='ocrx_word' id='word_1_80' title='bbox 531 3115 705 3196; x_wconf 89' lang='lat' dir='ltr'>paciantur</span> <span class='ocrx_word' id='word_1_81' title='bbox 731 3113 763 3176; x_wconf 92' lang='lat' dir='ltr'>in</span> <span class='ocrx_word' id='word_1_82' title='bbox 792 3112 928 3186; x_wconf 82' lang='lat' dir='ltr'>munde,</span> <span class='ocrx_word' id='word_1_83' title='bbox 953 3132 1019 3176; x_wconf 92' lang='lat' dir='ltr'>non</span> <span class='ocrx_word' id='word_1_84' title='bbox 1045 3122 1158 3177; x_wconf 85' lang='lat' dir='ltr'>tamen</span> <span class='ocrx_word' id='word_1_85' title='bbox 1185 3133 1263 3177; x_wconf 88' lang='lat' dir='ltr'>con-</span> 
     </span>
     <span class='ocr_line' id='line_1_13' title="bbox 154 3216 1264 3299; baseline 0.001 -18"><span class='ocrx_word' id='word_1_86' title='bbox 154 3217 337 3283; x_wconf 79' lang='lat' dir='ltr'>fundentur</span> <span class='ocrx_word' id='word_1_87' title='bbox 357 3218 390 3280; x_wconf 92' lang='lat' dir='ltr'>in</span> <span class='ocrx_word' id='word_1_88' title='bbox 412 3227 563 3299; x_wconf 89' lang='lat' dir='ltr'>ternpore</span> <span class='ocrx_word' id='word_1_89' title='bbox 584 3216 681 3280; x_wconf 90' lang='lat' dir='ltr'>malo.</span> <span class='ocrx_word' id='word_1_90' title='bbox 729 3216 798 3282; x_wconf 86' lang='lat' dir='ltr'>Sed</span> <span class='ocrx_word' id='word_1_91' title='bbox 814 3216 958 3281; x_wconf 91' lang='lat' dir='ltr'>saluabit</span> <span class='ocrx_word' id='word_1_92' title='bbox 976 3237 1033 3281; x_wconf 91' lang='lat' dir='ltr'>eos</span> <span class='ocrx_word' id='word_1_93' title='bbox 1049 3219 1214 3295; x_wconf 93' lang='lat' dir='ltr'>dominus,</span> <span class='ocrx_word' id='word_1_94' title='bbox 1229 3228 1264 3283; x_wconf 90' lang='lat' dir='ltr'>et</span> 
     </span>
     <span class='ocr_line' id='line_1_14' title="bbox 154 3321 1264 3406; baseline 0.002 -21"><span class='ocrx_word' id='word_1_95' title='bbox 154 3322 309 3386; x_wconf 89' lang='lat' dir='ltr'>liberabit</span> <span class='ocrx_word' id='word_1_96' title='bbox 329 3341 396 3397; x_wconf 88' lang='lat' dir='ltr'>eos,</span> <span class='ocrx_word' id='word_1_97' title='bbox 411 3331 445 3386; x_wconf 90' lang='lat' dir='ltr'>et</span> <span class='ocrx_word' id='word_1_98' title='bbox 465 3332 558 3386; x_wconf 90' lang='lat' dir='ltr'>eruet</span> <span class='ocrx_word' id='word_1_99' title='bbox 579 3342 636 3386; x_wconf 90' lang='lat' dir='ltr'>eos</span> <span class='ocrx_word' id='word_1_100' title='bbox 657 3343 677 3386; x_wconf 92' lang='lat' dir='ltr'>a</span> <span class='ocrx_word' id='word_1_101' title='bbox 698 3321 928 3404; x_wconf 87' lang='lat' dir='ltr'>peccatoribus</span> <span class='ocrx_word' id='word_1_102' title='bbox 948 3322 1027 3405; x_wconf 92' lang='lat' dir='ltr'>quia</span> <span class='ocrx_word' id='word_1_103' title='bbox 1047 3333 1264 3406; x_wconf 87' lang='lat' dir='ltr'>sperauerunt</span> 
     </span>
     <span class='ocr_line' id='line_1_15' title="bbox 155 3426 1265 3509; baseline 0.002 -19"><span class='ocrx_word' id='word_1_104' title='bbox 155 3428 190 3490; x_wconf 94' lang='lat' dir='ltr'>in</span> <span class='ocrx_word' id='word_1_105' title='bbox 206 3448 255 3491; x_wconf 91' lang='lat' dir='ltr'>eo.</span> <span class='ocrx_word' id='word_1_106' title='bbox 300 3426 525 3509; x_wconf 83' lang='lat' dir='ltr'>Quapropter,</span> <span class='ocrx_word' id='word_1_107' title='bbox 542 3434 578 3489; x_wconf 91' lang='lat' dir='ltr'>ut</span> <span class='ocrx_word' id='word_1_108' title='bbox 599 3426 686 3489; x_wconf 91' lang='lat' dir='ltr'>serui</span> <span class='ocrx_word' id='word_1_109' title='bbox 707 3426 761 3490; x_wconf 89' lang='lat' dir='ltr'>dei</span> <span class='ocrx_word' id='word_1_110' title='bbox 783 3426 826 3489; x_wconf 90' lang='lat' dir='ltr'>de</span> <span class='ocrx_word' id='word_1_111' title='bbox 841 3435 952 3489; x_wconf 90' lang='lat' dir='ltr'>cetero</span> <span class='ocrx_word' id='word_1_112' title='bbox 968 3426 1103 3490; x_wconf 91' lang='lat' dir='ltr'>liberius</span> <span class='ocrx_word' id='word_1_113' title='bbox 1118 3428 1265 3492; x_wconf 89' lang='lat' dir='ltr'>euadant</span> 
     </span>
     <span class='ocr_line' id='line_1_16' title="bbox 155 3529 1265 3613; baseline -0.002 -17"><span class='ocrx_word' id='word_1_114' title='bbox 155 3531 458 3596; x_wconf 91' lang='lat' dir='ltr'>manushominum</span> <span class='ocrx_word' id='word_1_115' title='bbox 469 3531 658 3613; x_wconf 91' lang='lat' dir='ltr'>impiorum,</span> <span class='ocrx_word' id='word_1_116' title='bbox 668 3550 726 3612; x_wconf 90' lang='lat' dir='ltr'>per</span> <span class='ocrx_word' id='word_1_117' title='bbox 737 3529 979 3613; x_wconf 91' lang='lat' dir='ltr'>omnipotentis</span> <span class='ocrx_word' id='word_1_118' title='bbox 989 3531 1042 3594; x_wconf 90' lang='lat' dir='ltr'>dei</span> <span class='ocrx_word' id='word_1_119' title='bbox 1053 3532 1265 3610; x_wconf 92' lang='lat' dir='ltr'>adiutorium,</span> 
     </span>
     <span class='ocr_line' id='line_1_17' title="bbox 153 3634 1266 3720; baseline 0.001 -20"><span class='ocrx_word' id='word_1_120' title='bbox 153 3658 199 3700; x_wconf 86' lang='lat' dir='ltr'>ex</span> <span class='ocrx_word' id='word_1_121' title='bbox 215 3657 283 3719; x_wconf 93' lang='lat' dir='ltr'>quo</span> <span class='ocrx_word' id='word_1_122' title='bbox 299 3646 425 3699; x_wconf 90' lang='lat' dir='ltr'>certum</span> <span class='ocrx_word' id='word_1_123' title='bbox 442 3644 493 3698; x_wconf 90' lang='lat' dir='ltr'>est</span> <span class='ocrx_word' id='word_1_124' title='bbox 514 3634 605 3717; x_wconf 92' lang='lat' dir='ltr'>quod</span> <span class='ocrx_word' id='word_1_125' title='bbox 621 3634 769 3698; x_wconf 90' lang='lat' dir='ltr'>humana</span> <span class='ocrx_word' id='word_1_126' title='bbox 788 3637 949 3698; x_wconf 89' lang='lat' dir='ltr'>memoria</span> <span class='ocrx_word' id='word_1_127' title='bbox 965 3634 1073 3699; x_wconf 89' lang='lat' dir='ltr'>labilis</span> <span class='ocrx_word' id='word_1_128' title='bbox 1089 3647 1150 3712; x_wconf 91' lang='lat' dir='ltr'>est,</span> <span class='ocrx_word' id='word_1_129' title='bbox 1165 3658 1266 3720; x_wconf 88' lang='lat' dir='ltr'>opere</span> 
     </span>
     <span class='ocr_line' id='line_1_18' title="bbox 154 3738 1265 3824; baseline 0.001 -19"><span class='ocrx_word' id='word_1_130' title='bbox 154 3742 302 3824; x_wconf 91' lang='lat' dir='ltr'>precium</span> <span class='ocrx_word' id='word_1_131' title='bbox 324 3750 375 3803; x_wconf 90' lang='lat' dir='ltr'>est</span> <span class='ocrx_word' id='word_1_132' title='bbox 397 3738 429 3802; x_wconf 92' lang='lat' dir='ltr'>in</span> <span class='ocrx_word' id='word_1_133' title='bbox 450 3740 582 3822; x_wconf 88' lang='lat' dir='ltr'>scriptis</span> <span class='ocrx_word' id='word_1_134' title='bbox 604 3740 717 3822; x_wconf 92' lang='lat' dir='ltr'>aliqua</span> <span class='ocrx_word' id='word_1_135' title='bbox 733 3739 891 3819; x_wconf 87' lang='lat' dir='ltr'>redigere,</span> <span class='ocrx_word' id='word_1_136' title='bbox 907 3759 973 3821; x_wconf 90' lang='lat' dir='ltr'>que</span> <span class='ocrx_word' id='word_1_137' title='bbox 994 3738 1132 3804; x_wconf 88' lang='lat' dir='ltr'>ecclesie</span> <span class='ocrx_word' id='word_1_138' title='bbox 1153 3751 1265 3806; x_wconf 89' lang='lat' dir='ltr'>nostre</span> 
     </span>
     <span class='ocr_line' id='line_1_19' title="bbox 154 3842 1265 3927; baseline 0.001 -18"><span class='ocrx_word' id='word_1_139' title='bbox 154 3844 291 3909; x_wconf 89' lang='lat' dir='ltr'>utilitati</span> <span class='ocrx_word' id='word_1_140' title='bbox 314 3844 443 3927; x_wconf 86' lang='lat' dir='ltr'>possint</span> <span class='ocrx_word' id='word_1_141' title='bbox 466 3842 634 3926; x_wconf 89' lang='lat' dir='ltr'>proficere,</span> <span class='ocrx_word' id='word_1_142' title='bbox 655 3853 689 3907; x_wconf 91' lang='lat' dir='ltr'>et</span> <span class='ocrx_word' id='word_1_143' title='bbox 712 3842 869 3907; x_wconf 88' lang='lat' dir='ltr'>fratribus</span> <span class='ocrx_word' id='word_1_144' title='bbox 893 3844 1022 3920; x_wconf 91' lang='lat' dir='ltr'>nostris,</span> <span class='ocrx_word' id='word_1_145' title='bbox 1039 3844 1207 3909; x_wconf 90' lang='lat' dir='ltr'>modernis</span> <span class='ocrx_word' id='word_1_146' title='bbox 1230 3855 1265 3910; x_wconf 91' lang='lat' dir='ltr'>et</span> 
     </span>
     <span class='ocr_line' id='line_1_20' title="bbox 154 3946 1263 4032; baseline 0.002 -21"><span class='ocrx_word' id='word_1_147' title='bbox 154 3959 232 4032; x_wconf 92' lang='lat' dir='ltr'>post</span> <span class='ocrx_word' id='word_1_148' title='bbox 253 3948 381 4023; x_wconf 88' lang='lat' dir='ltr'>futuris,</span> <span class='ocrx_word' id='word_1_149' title='bbox 397 3948 430 4010; x_wconf 92' lang='lat' dir='ltr'>in</span> <span class='ocrx_word' id='word_1_150' title='bbox 447 3947 515 4010; x_wconf 91' lang='lat' dir='ltr'>suis</span> <span class='ocrx_word' id='word_1_151' title='bbox 535 3948 707 4030; x_wconf 86' lang='lat' dir='ltr'>angustiis,</span> <span class='ocrx_word' id='word_1_152' title='bbox 723 3956 757 4011; x_wconf 87' lang='lat' dir='ltr'>et</span> <span class='ocrx_word' id='word_1_153' title='bbox 777 3946 935 4010; x_wconf 90' lang='lat' dir='ltr'>seuientis</span> <span class='ocrx_word' id='word_1_154' title='bbox 952 3947 1068 4012; x_wconf 92' lang='lat' dir='ltr'>mundi</span> <span class='ocrx_word' id='word_1_155' title='bbox 1085 3950 1263 4031; x_wconf 89' lang='lat' dir='ltr'>persecuti-</span> 
     </span>
     <span class='ocr_line' id='line_1_21' title="bbox 153 4050 1264 4137; baseline -0.002 -18"><span class='ocrx_word' id='word_1_156' title='bbox 153 4054 283 4131; x_wconf 88' lang='lat' dir='ltr'>onibus,</span> <span class='ocrx_word' id='word_1_157' title='bbox 299 4074 358 4137; x_wconf 91' lang='lat' dir='ltr'>per</span> <span class='ocrx_word' id='word_1_158' title='bbox 378 4053 619 4136; x_wconf 90' lang='lat' dir='ltr'>inspectionem</span> <span class='ocrx_word' id='word_1_159' title='bbox 641 4051 740 4116; x_wconf 93' lang='lat' dir='ltr'>huius</span> <span class='ocrx_word' id='word_1_160' title='bbox 762 4050 866 4115; x_wconf 88' lang='lat' dir='ltr'>libelli</span> <span class='ocrx_word' id='word_1_161' title='bbox 889 4050 1074 4116; x_wconf 89' lang='lat' dir='ltr'>subuenire.</span> <span class='ocrx_word' id='word_1_162' title='bbox 1119 4052 1177 4117; x_wconf 94' lang='lat' dir='ltr'>Ad</span> <span class='ocrx_word' id='word_1_163' title='bbox 1201 4052 1264 4117; x_wconf 88' lang='lat' dir='ltr'>hoc</span> 
     </span>
     <span class='ocr_line' id='line_1_22' title="bbox 153 4156 1264 4243; baseline -0.002 -20"><span class='ocrx_word' id='word_1_164' title='bbox 153 4160 256 4243; x_wconf 87' lang='lat' dir='ltr'>igitur</span> <span class='ocrx_word' id='word_1_165' title='bbox 284 4177 370 4240; x_wconf 89' lang='lat' dir='ltr'>opus</span> <span class='ocrx_word' id='word_1_166' title='bbox 399 4177 546 4240; x_wconf 83' lang='lat' dir='ltr'>congrue</span> <span class='ocrx_word' id='word_1_167' title='bbox 575 4156 816 4241; x_wconf 88' lang='lat' dir='ltr'>perficiendum</span> <span class='ocrx_word' id='word_1_168' title='bbox 849 4156 985 4240; x_wconf 92' lang='lat' dir='ltr'>spiritus</span> <span class='ocrx_word' id='word_1_169' title='bbox 1014 4157 1121 4221; x_wconf 89' lang='lat' dir='ltr'>sancti</span> <span class='ocrx_word' id='word_1_170' title='bbox 1152 4159 1264 4241; x_wconf 84' lang='lat' dir='ltr'>gracia</span> 
     </span>
     <span class='ocr_line' id='line_1_23' title="bbox 152 4260 612 4346; baseline -0.009 -19"><span class='ocrx_word' id='word_1_171' title='bbox 152 4282 253 4327; x_wconf 91' lang='lat' dir='ltr'>suum</span> <span class='ocrx_word' id='word_1_172' title='bbox 275 4267 416 4346; x_wconf 89' lang='lat' dir='ltr'>prestet¹</span> <span class='ocrx_word' id='word_1_173' title='bbox 439 4260 612 4325; x_wconf 83' lang='lat' dir='ltr'>auxilium.</span> 
     </span>
    </p>
   </div>
   <div class='ocr_carea' id='block_1_6' title="bbox 602 4439 807 4506">
    <p class='ocr_par' dir='ltr' id='par_1_6' title="bbox 602 4439 807 4506">
     <span class='ocr_line' id='line_1_24' title="bbox 602 4439 807 4506; baseline -0.005 -15"><span class='ocrx_word' id='word_1_174' title='bbox 602 4439 611 4471; x_wconf 86' lang='lat'>¹</span> <span class='ocrx_word' id='word_1_175' title='bbox 629 4448 734 4506; x_wconf 79' lang='lat' dir='ltr'>pateret,</span> <span class='ocrx_word' id='word_1_176' title='bbox 748 4440 807 4491; x_wconf 88' lang='lat' dir='ltr'>MS.</span> 
     </span>
    </p>
   </div>
   <div class='ocr_carea' id='block_1_7' title="bbox 0 0 1600 5067">
    <p class='ocr_par' dir='ltr' id='par_1_7' title="bbox 0 0 1600 5067">
     <span class='ocr_line' id='line_1_25' title="bbox 0 0 1600 5067; baseline 0 1"><span class='ocrx_word' id='word_1_177' title='bbox 0 0 1600 5067; x_wconf 95' lang='lat' dir='ltr'> </span> 
     </span>
    </p>
   </div>
  </div>
 </body>
</html>
