3192 5067
322 386 372 455 90
423 364 656 461 Agreemant
671 360 764 435 with
780 362 843 436 the
867 362 905 435 T
899 388 980 437 own
998 362 1046 459 of
1059 361 1278 459 Cambridge
1309 356 1430 463 [Boou

157 561 174 603 b
199 564 243 606 tue
320 549 424 633 ipsius
445 550 575 634 sugitiui
596 548 659 615 sibi
680 548 820 625 liberari,
836 547 950 613 dicens
971 548 1063 631 quod
1084 546 1206 612 catalla
1225 547 1371 612 ielonum
1393 556 1428 613 et

157 662 305 716 emundet
321 652 536 737 fugitiuorum
558 654 602 717 ad
625 652 773 717 Balliuos
794 651 957 716 libertatis
981 651 1194 734 Cantebrigie
1217 652 1429 735 pertinerent,

157 714 293 857 ἶῗῖῗοιω
321 779 387 823 non
413 758 493 823 ad
484 777 594 840 ipsum
621 757 776 822 Priorem.
823 757 970 821 Econtra
995 757 1050 821 ille
1072 757 1215 832 dicebat,
1237 757 1328 840 quod
1351 757 1428 821 hac·

293 916 297 923 ,
319 872 418 928 tenus
432 884 473 928 ea
488 862 611 926 catalla
626 862 749 926 habere
763 862 946 939 consueuit,
958 872 993 926 et
1004 862 1067 925 hoc
1080 882 1138 945 per
1154 860 1427 925 inrotulacionem

319 986 385 1050 que
411 967 561 1049 superius
584 966 746 1041 scribitur,
768 976 803 1030 et
830 965 1064 1031 nichilominus
1092 986 1151 1049 per
1171 965 1361 1049 Johannem
1386 966 1429 1029 de

321 1070 551 1147 Mendesham,
567 1070 623 1153 qui
646 1070 813 1134 abiurauit
835 1080 967 1146 terram,
982 1082 1017 1136 et
1036 1071 1189 1154 jumenta
1213 1070 1372 1134 remansit
1395 1070 1427 1133 in

320 1186 488 1259 potestate
520 1175 649 1251 Primis,
675 1195 850 1258 quousque
879 1174 1016 1258 quidam
1047 1175 1191 1239 villanus
1220 1174 1348 1239 domini
1378 1174 1428 1239 sui

320 1300 396 1343 curn
425 1279 487 1362 .vij.
514 1278 677 1362 legalibus
703 1278 895 1344 hominibus
919 1280 1074 1363 probauit
1100 1300 1175 1343 earn
1202 1300 1275 1343 esse
1300 1278 1429 1342 domiui

320 1386 380 1460 sui,
395 1393 455 1449 etc.
502 1384 716 1467 Quapropter
739 1384 907 1449 Robertus
927 1384 1052 1469 Tuylet
1073 1384 1150 1449 iecit
1173 1384 1317 1449 Priorem
1340 1402 1429 1447 sum-

321 1490 447 1553 moneri
474 1510 586 1553 coram
616 1488 801 1554 Baronibus
831 1488 874 1552 de
905 1489 1079 1554 Scaccario
1109 1489 1151 1552 ad
1183 1488 1427 1552 ostendendum

320 1613 388 1677 quo
401 1592 475 1675 jure
490 1593 626 1658 retinuit
642 1593 764 1658 catalla
781 1594 928 1658 selonum
943 1594 974 1656 in
991 1594 1071 1658 seria
1084 1614 1144 1657 sua
1159 1592 1201 1657 de
1218 1592 1430 1658 Beruewelle.

321 1697 475 1761 Tandem
499 1695 562 1761 fuit
586 1698 678 1761 Prior
700 1717 760 1780 per
782 1698 908 1761 amicos
931 1698 1139 1781 premunitus
1161 1697 1252 1781 quod
1276 1697 1318 1761 de
1340 1696 1428 1760 sacili

321 1811 434 1884 posset
449 1799 587 1883 perdere
603 1800 718 1865 seriam
734 1821 840 1877 suam,
856 1801 883 1865 si
900 1802 991 1867 dicta
1005 1801 1142 1885 querela
1157 1821 1270 1865 coram
1291 1801 1428 1865 Batoni-

321 1906 384 1970 bus
398 1906 644 1986 terminaretur3
658 1916 692 1970 et
709 1906 793 1982 ideo,
806 1905 1031 1970 mediantibus
1047 1905 1172 1982 amicis,
1188 1925 1258 1989 pax
1273 1903 1428 1969 ordinata

320 2020 372 2075 est
387 2012 474 2074 inter
488 2019 599 2093 partes
615 2011 677 2075 sub
692 2010 755 2075 hac
771 2010 898 2076 forma:

157 2160 296 2204 ructum·
374 2150 459 2203 Anno
476 2148 555 2218 regni
573 2148 646 2217 regis
663 2148 814 2204 Eadwardi
832 2147 880 2203 filii
901 2148 988 2217 Regis
1009 2146 1126 2203 Henrici
1143 2146 1278 2202 vicesimo
1295 2146 1428 2214 secundo,

157 2210 267 2314 22²3?
321 2234 453 2291 conuenit
471 2235 545 2289 inter
562 2235 689 2290 Priorem
706 2235 743 2290 de
759 2235 932 2290 Bernewelle
949 2246 976 2291 et
994 2245 1165 2291 conuentum
1182 2235 1308 2290 eiusdem
1321 2233 1376 2289 loci
1392 2252 1427 2290 ex

156 2323 271 2405 {mm
320 2340 377 2378 vna
386 2332 474 2392 parte,
483 2332 512 2377 et
523 2324 680 2392 Burgenses
691 2323 871 2392 Cantebrigie
881 2340 915 2378 ex
924 2324 1012 2377 altera
1025 2338 1109 2392 super
1121 2322 1291 2393 quibusdam
1303 2321 1428 2377 articulis

157 2412 306 2464 irrepente·
321 2409 421 2465 feriam
439 2410 557 2479 predicti
577 2410 681 2465 Prioris
699 2410 945 2481 contingentibus:
966 2410 1105 2473 videlicet
1118 2410 1195 2481 quod
1212 2410 1329 2479 predicti
1349 2410 1428 2465 Prior

160 2474 234 2515 ¹²⁹³
235 2474 292 2516 ¹²⁹⁴
322 2508 350 2555 et
368 2508 524 2553 conuentus
542 2509 749 2567 concesserunt,
763 2516 815 2569 pro
833 2516 863 2553 se
882 2509 909 2553 et
928 2498 1138 2553 successoribus
1155 2496 1222 2565 suis,
1235 2497 1312 2568 quod
1329 2513 1427 2551 omnes

322 2586 514 2641 inhabitantes
531 2586 626 2640 villam
643 2586 680 2642 de
697 2586 880 2657 cantebrigia
895 2596 925 2641 et
942 2586 1045 2641 limites
1062 2585 1198 2641 libertatis
1215 2586 1341 2641 eiusdem
1355 2584 1427 2651 ville,

240 2685 256 2737 s,
277 2702 307 2750 ³²
321 2685 351 2729 et
369 2675 416 2746 qui
435 2674 591 2729 secundum
609 2672 843 2728 consuetudinem
860 2672 925 2728 ville
943 2673 1069 2727 eiusdem
1088 2688 1175 2727 onera
1193 2672 1221 2725 in
1241 2671 1341 2727 eadem
1360 2671 1428 2725 villa

321 2760 498 2831 emergencia
517 2760 664 2829 sustinent,
686 2771 714 2818 et
736 2761 875 2817 sustinere
897 2771 1034 2829 tenentur,
1051 2770 1081 2815 vt
1101 2759 1130 2815 in
1146 2760 1268 2830 vigilliis,
1286 2758 1427 2830 talliagiis,

321 2850 475 2919 scottagiis,
488 2850 573 2905 sectis
589 2860 619 2905 et
637 2850 701 2919 alijs
719 2848 979 2905 contribucionibus
999 2850 1154 2905 secundum
1172 2849 1248 2921 quod
1269 2850 1427 2918 Burgenses

321 2938 448 2994 eiusdem
460 2938 525 2993 ville
538 2937 655 3007 iaciunt,
666 2938 753 3010 quieti
766 2940 823 2994 sint
835 2940 967 2994 decetero
984 2940 1013 2993 in
1030 2938 1100 2994 seria
1117 2937 1305 3009 predictorum
1324 2934 1427 2991 Prioris

321 3036 349 3081 et
371 3036 528 3081 conuentus
547 3024 576 3078 in
596 3026 773 3093 Bemewelle,
793 3025 830 3081 de
852 3024 991 3095 stallagio,
1010 3025 1156 3095 bothagio,
1175 3035 1203 3079 et
1221 3023 1380 3092 theoloneo‚
1399 3032 1427 3078 et

321 3116 397 3186 quod
410 3114 513 3169 catalla
524 3113 665 3168 latronum
678 3112 861 3184 fugitiuorum
873 3123 901 3168 et
914 3112 1099 3169 scinctorum¹
1110 3112 1258 3167 bursarum
1271 3112 1294 3167 si
1308 3129 1363 3184 que
1376 3128 1426 3183 per

321 3202 415 3275 ipsum
438 3203 564 3258 Priorem
585 3212 634 3257 aut
656 3202 782 3258 Balliuos
807 3220 873 3257 suos
895 3204 924 3257 in
946 3202 1015 3257 feria
1037 3202 1163 3273 predicta
1187 3201 1318 3256 decetero
1343 3210 1427 3272 capta

321 3290 422 3347 fuerint
440 3302 488 3346 aut
504 3290 627 3361 inuenta,
641 3291 759 3347 Balliuis
775 3292 840 3346 ville
857 3292 893 3347 de
911 3291 1093 3360 cantebrigia
1110 3290 1261 3364 pervisum
1275 3290 1426 3361 proborum

321 3381 468 3436 hominum
484 3381 611 3436 eiusdem
628 3380 693 3435 ville
711 3382 771 3435 sine
789 3381 845 3434 vllo
862 3391 1053 3436 retenemento
1070 3380 1166 3436 statim
1184 3380 1342 3435 liberentur.
1382 3381 1426 3434 Ita

281 3493 288 3507 κ
320 3481 415 3525 tamen
434 3472 511 3542 quod
528 3470 645 3541 predicti
664 3472 824 3539 Burgenaes
840 3470 983 3541 predictos
1003 3470 1127 3525 Priorem
1146 3478 1174 3524 et
1193 3471 1373 3525 Conuentum
1390 3470 1426 3525 de

322 3558 492 3612 Beruewelle
509 3574 607 3613 uersus
628 3574 822 3629 quoscumque
844 3556 910 3613 inde
931 3556 1092 3629 acquietare
1111 3567 1266 3612 teneantur.
1304 3558 1425 3612 Conces-

321 3654 415 3700 serunt
435 3644 526 3701 eciam
543 3645 662 3717 predicti
682 3647 841 3715 Burgenses
860 3646 968 3702 eisdem
987 3644 1074 3700 Priori
1093 3655 1121 3701 et
1139 3644 1298 3701 Conuentui
1317 3655 1345 3699 et
1364 3662 1425 3701 suc·

320 3734 479 3789 cessoribus
497 3733 565 3802 suis,
583 3734 660 3806 quod
681 3735 716 3789 de
735 3736 868 3789 omnibus
887 3733 942 3803 hijs
960 3734 1008 3805 qui
1027 3749 1113 3788 onera
1131 3732 1292 3803 supradicta
1310 3731 1340 3787 in
1358 3730 1425 3787 villa

322 3818 511 3889 Cantebrigie‚
529 3831 559 3875 vt
577 3819 770 3890 supradictum
788 3830 840 3889 est,
859 3818 1038 3889 emergencia
1056 3835 1112 3873 non
1134 3818 1272 3873 sustinent
1292 3835 1344 3873 nec
1365 3836 1424 3873 sus-

321 3908 410 3963 tinere
423 3918 553 3964 tenentur
564 3907 678 3977 capiant
691 3918 835 3963 custumes
846 3908 1000 3963 secundum
1011 3908 1087 3978 quod
1099 3906 1136 3962 de
1148 3905 1211 3961 aliis
1223 3905 1425 3963 mercatoribus

321 3997 359 4052 ad
371 3996 471 4053 leriam
483 3996 640 4067 predictam
652 3995 830 4050 venientibus
843 3995 1016 4067 temporibus
1029 3996 1175 4051 retroactis
1187 4004 1329 4065 ceperunt

376 4087 410 4140 In
431 4085 510 4141 cuius
530 4084 569 4139 rei
592 4083 785 4139 testimonium
807 4084 873 4139 huic
895 4083 998 4154 scripto
1020 4083 1166 4139 indentato
1187 4100 1274 4153 penes
1301 4082 1425 4139 Priorem

321 4184 349 4229 et
370 4175 548 4229 Conuentum
569 4172 606 4227 de
628 4172 800 4227 Beruewelle
819 4170 975 4227 remanenti
997 4170 1089 4239 sigilla
1111 4170 1298 4239 burgensium
1323 4171 1425 4226 Cante-

320 4260 410 4331 brigie
431 4258 560 4314 videlicet
580 4258 698 4314 Roberti
720 4259 823 4329 Tuylet
842 4271 909 4313 tunc
930 4258 1055 4327 Maioris,
1079 4258 1270 4313 bartholomei
1293 4256 1426 4329 Gogging

321 4359 373 4405 etc.
393 4356 458 4403 sunt
476 4363 610 4418 appensa

742 4416 753 4448 ¹
769 4416 917 4477 cincturam,
930 4416 988 4471 MS.
