3192 5067
144 327 201 427 vr]
433 327 627 401 Hundred
648 327 698 425 of
714 327 826 423 Long
850 327 950 401 Stow
1180 347 1249 417 243

144 512 186 578 de
217 513 316 578 leodo
345 513 493 596 episcopi
525 511 688 594 Elyensis,
718 520 752 575 et
782 511 883 576 debet
913 510 943 592 .j.
967 518 1092 574 sectam
1120 519 1154 573 et
1181 507 1251 592 [de]

144 619 272 682 auxilio
295 619 501 682 vicecomitis
524 618 589 700 ijs.

220 723 367 788 Wcstwic
404 721 623 806 [Westwick]
671 721 835 785 Ricardus
873 717 1062 785 Beiebuche
1098 728 1190 784 tenet
1221 721 1251 802 .j.

145 829 270 912 hydam
286 839 373 893 terre
388 829 431 892 de
447 829 546 894 ieodo
567 829 714 912 episcopi
737 828 893 910 Elyensis
913 836 947 890 et
962 827 1064 891 debet
1079 826 1108 908 .j.
1124 835 1250 890 sectam

145 931 236 995 etde
251 931 379 996 auxilio
400 932 605 996 vicecomitis
625 932 690 1014 ijs.
738 931 869 995 Ibidem
886 930 1054 994 Robertus
1070 932 1113 994 de
1136 929 1251 993 Insula

144 1035 245 1098 debet
275 1035 304 1117 .j.
335 1046 461 1100 sectam
492 1055 594 1117 quam
624 1035 795 1117 Johannes
827 1034 971 1098 Wombe
1003 1033 1081 1097 facit
1112 1054 1173 1115 pro
1202 1054 1251 1097 eo.

145 1139 191 1202 Et
214 1138 302 1203 idem
328 1139 495 1203 Robertus
517 1138 617 1203 debet
641 1139 684 1203 de
705 1139 834 1203 auxilio
864 1137 1069 1203 vicecomitis
1095 1136 1195 1220 ,iiij.s.,
1218 1146 1251 1201 et

145 1254 222 1309 sunt
244 1243 286 1326 ij.
308 1243 387 1308 hide
410 1243 603 1326 geldabiles,
626 1254 660 1308 et
682 1244 783 1308 debet
806 1244 1013 1327 pontagium.

209 1348 360 1429 Drayton
385 1348 473 1434 [Dry
497 1349 673 1432 Drayton].
720 1349 883 1414 Ricardus
913 1349 955 1412 de
978 1349 1132 1432 Drayton
1158 1355 1280 1413 tenets·
1298 1370 1343 1418 ¹4⁴

144 1452 279 1517 feodum
297 1451 324 1534 .j.
342 1454 456 1518 militis
471 1453 514 1517 de
531 1454 629 1518 feodo
653 1454 846 1535 Hardewyn
862 1453 905 1516 de
921 1451 1076 1517 Scalariis
1097 1461 1131 1516 et
1151 1452 1252 1517 debet

144 1559 174 1640 .j.
197 1567 333 1636 sectam,
355 1559 398 1622 de
419 1559 548 1622 auxilio
569 1559 773 1624 vicecomitis
795 1557 883 1642 rije,
898 1567 933 1622 et
955 1565 1048 1623 tenet
1070 1557 1122 1639 iij.
1144 1557 1252 1640 hydas

143 1660 337 1744 geldabiles.
382 1663 494 1728 Debet
530 1664 737 1748 pontagium.
798 1663 950 1746 Rogerus
990 1661 1117 1726 Gifsard
1159 1670 1252 1726 tenet

146 1765 281 1831 leodum
297 1767 426 1831 dimidii
443 1768 557 1832 militis
572 1769 615 1832 de
638 1768 737 1833 feodo
762 1767 934 1852 Radulphi
958 1767 1000 1830 de
1024 1767 1252 1844 Mortuomari,

146 1879 180 1934 et
196 1879 288 1935 tenet
303 1871 355 1952 iij.
372 1872 480 1954 hydas
496 1872 687 1956 geldabiles,
703 1881 736 1938 et
752 1872 853 1936 debet
869 1873 1074 1956 pontagium.
1122 1871 1252 1936 ibidem

147 1976 237 2059 prior
249 1975 293 2039 de
316 1976 484 2042 Swauesh'
500 1986 593 2041 tenet
609 1978 660 2060 iij.
677 1977 786 2061 hydas
810 1997 877 2039 non
892 1976 1078 2059 geldabiles
1100 1985 1134 2040 et
1152 1977 1254 2041 debet

146 2080 176 2163 .j.
192 2090 328 2158 sectam,
343 2089 377 2145 et
392 2090 483 2147 tenet
499 2083 532 2145 in
549 2082 687 2146 liberam
704 2081 931 2146 elemosinam.

365 2394 568 2460 Hundredus
589 2393 627 2458 de
650 2392 760 2457 stowe
781 2390 895 2475 [Long
918 2391 1034 2476 Stow].

216 2567 353 2634 Croxton
376 2565 566 2652 [Croxton].
625 2565 796 2648 Johannes
820 2563 863 2627 de
885 2563 1041 2629 Scalariis
1067 2574 1160 2630 tenet
1189 2567 1255 2650 ‚iiij.

149 2682 278 2757 partem
296 2672 383 2736 leodi
398 2672 428 2753 .j.
445 2671 558 2735 militis
574 2670 616 2733 de
633 2668 731 2734 feodo
747 2668 789 2732 de
813 2667 968 2734 Scalariis
991 2678 1025 2733 et
1048 2670 1196 2735 defendit
1220 2692 1255 2734 se
1358 2736 1372 2742 ,,

150 2797 211 2861 pro
232 2796 298 2840 vna
321 2775 412 2857 hyda
434 2774 603 2858 geldabili,
626 2783 659 2837 et
683 2772 785 2837 debet
800 2773 830 2854 .j.
846 2782 982 2850 sectam,
1004 2782 1039 2837 et
1062 2774 1105 2838 de
1127 2776 1256 2840 auxilio

148 2881 353 2947 vicecomitis
383 2880 490 2956 ‚xiim
520 2880 620 2944 etde
646 2878 774 2943 auxilio
805 2880 964 2962 prepositi
991 2881 1067 2945 ‚xvi
1093 2881 1255 2946 denarios.

152 2985 281 3051 Ibidem
314 2984 477 3050 Radull'us
508 2985 675 3068 Sampson
706 2992 798 3049 tenet
823 2983 864 3066 .ij.
888 2983 997 3067 hydas
1023 2994 1057 3049 et
1080 2987 1255 3050 dimidiam

148 3089 332 3174 geldabilcs
369 3111 427 3173 per
464 3090 659 3154 serianciam
698 3089 740 3152 de
777 3088 916 3152 domino
955 3090 1058 3172 Rege,
1087 3100 1122 3153 et
1155 3090 1257 3155 debet

149 3195 190 3278 ij.
228 3205 340 3279 partes
377 3197 405 3259 .i.
441 3205 540 3271 secte,
570 3203 604 3258 et
634 3193 677 3258 de
713 3193 842 3259 auxilio
879 3194 1084 3259 vicecomitis
1114 3197 1186 3280 ipse
1223 3206 1257 3262 et

150 3299 343 3383 homagium
360 3319 457 3364 suum
479 3308 588 3363 totum
611 3298 691 3364 ,ixa
707 3319 765 3382 per
780 3318 915 3364 annum.
960 3299 1091 3364 Ibidem
1109 3301 1257 3366 Luciana

149 3405 193 3468 de
224 3404 376 3470 cadamo
400 3414 492 3470 tenet
521 3405 549 3468 .i.
577 3404 703 3486 hydam
734 3413 768 3468 ct
793 3404 970 3469 dimidiam
1001 3404 1184 3488 geldabiles
1214 3407 1258 3470 de

151 3509 269 3574 eodem
301 3508 409 3586 feodo,
439 3519 472 3574 et
509 3508 610 3574 debet
640 3509 692 3572 iii.
723 3519 852 3591 partem
883 3510 911 3573 .i.
949 3519 1047 3574 secte.
1094 3510 1186 3575 Prior
1214 3511 1258 3575 de

153 3614 361 3678 Huntendon
378 3624 470 3681 tenet
484 3614 527 3678 de
542 3616 661 3679 eodem
678 3611 777 3678 leodo
798 3613 827 3696 .j.
851 3612 977 3696 hydam
1000 3613 1200 3696 geldabilem
1224 3616 1259 3678 in

151 3717 289 3783 liberam
305 3719 531 3784 elemosinam.
576 3719 654 3783 Yvo
668 3715 793 3802 Quarel
809 3727 902 3783 tenet
917 3720 960 3783 de
976 3720 1095 3784 eodem
1116 3719 1216 3784 feodo
1231 3721 1259 3786 .i.

151 3822 278 3906 hydam
293 3824 502 3906 geldabilem.

223 3925 255 3988 T
251 3927 301 4006 oft
343 3925 462 4010 [ToltJ.
533 3924 684 3990 Heredes
722 3924 868 3988 Alberti¹
904 3926 948 3990 de
986 3925 1108 3990 Neuill'
1144 3937 1260 3994 tenent

153 4028 288 4094 feodum
312 4031 340 4095 .i.
364 4031 478 4095 militis
501 4031 544 4094 de
568 4030 695 4094 honore
724 4029 767 4092 de
799 4029 989 4095 Richmond
1021 4032 1154 4095 insimul
1184 4053 1259 4097 cum

154 4133 204 4197 iii.
218 4134 354 4218 virgatis
366 4144 453 4198 terre
464 4144 499 4198 et
509 4134 649 4200 dimidia
662 4135 695 4197 in
710 4133 888 4210 Swauesh’,
898 4144 933 4198 et
944 4135 1068 4199 debent
1081 4136 1110 4201 .i.
1126 4146 1262 4214 sectam,

154 4248 188 4302 et
204 4237 246 4302 de
262 4238 391 4301 auxilio
407 4239 610 4302 vicecomitis
632 4238 707 4321 .ij.s.‚
727 4247 760 4302 et
779 4237 965 4303 defendunt
980 4259 1016 4302 se
1031 4260 1092 4322 pro
1107 4240 1147 4322 ,ij.
1163 4241 1262 4322 hydis

495 4399 505 4432 ¹
523 4402 571 4452 Sec
582 4403 671 4464 above,
685 4403 764 4454 under
775 4403 915 4469 Svravesey.

1086 4517 1181 4575 16-2
