3192 5067
143 309 199 409 n]
422 308 619 384 Hundnd
639 308 687 404 qs
712 304 978 402 vvnvtossm
1177 324 1248 398 255

146 494 299 560 Herueus
323 494 409 560 filius
433 495 570 578 Pagani,
588 504 623 558 et
647 493 826 577 participes
848 492 909 568 sui,
931 499 1049 554 tenent
1071 489 1206 553 feodum
1223 490 1251 554 .i.

145 601 259 665 militis
283 601 326 666 de
349 601 473 666 honore
498 600 722 667 Richmondie
743 608 778 662 et
802 597 926 664 debent
950 596 980 679 .j.
1003 603 1129 659 sectam
1152 596 1253 660 etde

144 705 272 768 auxilio
296 705 499 770 vicecomitis
525 705 613 769 .iiii.s.
659 704 706 768 Et
728 711 808 768 sunt
829 703 955 766 ibidem
978 699 1043 781 iiij.
1066 699 1144 763 hide
1165 709 1253 764 terre

145 808 337 891 geldabiies.
383 810 419 872 B.

211 913 425 978 Badburkam
448 910 676 997 [Babraham].
723 909 894 976 Gaiiridus
915 911 959 974 de
983 909 1138 975 Scalariis
1160 917 1253 972 tenet

147 1017 281 1083 feodum
302 1019 432 1082 dimidii
456 1017 570 1082 militis
592 1019 636 1081 de
655 1015 782 1079 honore
803 1014 1027 1078 Richmondie
1048 1024 1082 1077 et
1104 1013 1206 1076 debet
1224 1012 1253 1093 .j.

146 1131 282 1198 sectam,
307 1131 343 1187 et
371 1123 414 1187 de
437 1120 566 1186 auxilio
592 1120 797 1184 vicecomitis
827 1119 893 1184 iis.
917 1118 1003 1183 .xid.
1031 1138 1090 1200 per
1118 1136 1253 1180 annum.

149 1224 279 1288 Ibidem
306 1232 401 1288 tenet
423 1223 595 1304 Johannes
621 1221 665 1286 de
689 1222 837 1288 Sauston
859 1222 924 1305 iiij.
952 1231 1081 1304 partem
1109 1219 1198 1284 feodi
1225 1219 1254 1301 .j.

149 1327 263 1392 militis
292 1328 336 1392 de
367 1326 466 1390 feodo
503 1326 676 1408 Hardwyir
708 1325 751 1390 de
782 1324 948 1402 Scalariis,
978 1332 1012 1390 et
1047 1324 1149 1390 dehet
1183 1323 1254 1407 [de]

148 1429 278 1493 auxilio
293 1428 498 1494 vicecomitis
510 1429 576 1511 ,ij.s.
593 1449 652 1512 per
666 1438 848 1506 annum‚et
862 1427 987 1493 nuliam
1003 1427 1105 1493 debet
1120 1437 1256 1493 sectam.

151 1639 265 1704 militis
284 1639 328 1704 de
348 1639 448 1704 feodo
467 1639 599 1704 comitis
617 1639 788 1704 Wintonie
806 1639 850 1703 de
868 1639 992 1702 honore
1010 1639 1054 1702 de
1069 1639 1256 1715 Fassintoir,

150 1753 184 1808 et
215 1744 316 1808 debet
345 1745 373 1808 .i.
404 1754 530 1808 sectam
560 1753 596 1808 et
629 1744 672 1809 de
702 1744 831 1809 auxilio
864 1743 1069 1807 vicecomitis
1099 1743 1166 1825 ijs.
1200 1764 1258 1826 per

151 1867 286 1912 annum.
333 1848 379 1912 Et
405 1855 484 1912 sunt
515 1847 639 1912 ibidem
666 1847 729 1928 .vij.
755 1847 835 1911 hide
859 1856 954 1923 terre,
979 1867 1120 1929 quarum
1145 1846 1198 1928 iij.
1224 1855 1259 1910 et

152 1952 291 2016 dimidia
307 1962 385 2016 sunt
405 1950 598 2034 geldabiies.
645 1951 733 2017 Clas.
777 1950 908 2015 ibidem
929 1951 1078 2015 Thomas
1098 1951 1258 2015 Hameiin

152 2057 253 2122 debet
267 2079 363 2122 .xx„r.
379 2057 422 2122 de
433 2057 536 2122 firma
574 2057 705 2122 ibidem
724 2055 859 2120 feodum
877 2055 1034 2120 Wiilelmi
1052 2057 1143 2121 Pirot
1157 2057 1259 2121 debet

152 2163 230 2228 ,xiii
246 2163 401 2226 denarios
416 2164 459 2227 de
474 2161 603 2226 auxilio
617 2162 830 2226 vicecomitis.
875 2161 911 2226 B.

219 2266 447 2350 Pampeswrth
470 2265 719 2350 [PampissordJ.
766 2265 931 2330 Radulius
956 2266 999 2329 de
1024 2267 1145 2331 Bancis
1167 2276 1260 2331 tenet

153 2369 218 2453 iiij.
240 2379 372 2453 partem
397 2366 426 2453 .j.
451 2369 565 2434 militis
587 2369 630 2432 de
653 2368 778 2432 honore
803 2367 1027 2432 Richmondie
1052 2379 1086 2433 et
1107 2369 1208 2434 debet
1231 2371 1259 2434 .i.

154 2483 289 2552 sectam,
314 2483 349 2537 et
372 2472 415 2536 de
438 2471 568 2536 auxilio
592 2472 797 2537 vicecomitis
821 2471 887 2554 .ij.s.
935 2471 1064 2536 Ibidem
1092 2473 1259 2537 Robertus

156 2577 274 2660 Sairey
290 2585 323 2642 et
339 2576 691 2642 WillelmusFerrard
713 2587 830 2642 tenent
850 2576 1024 2640 dimidiam
1044 2576 1159 2642 hidam
1175 2589 1261 2644 terre

155 2702 213 2765 per
250 2682 427 2746 seruicium
466 2681 530 2764 iiij.
568 2683 672 2765 partis
711 2681 799 2746 feodi
838 2682 866 2746 .i.
904 2682 1019 2746 militis
1055 2684 1100 2747 de
1135 2684 1262 2747 honore

157 2785 380 2850 Richmondie
401 2795 435 2850 et
459 2787 584 2852 debent
609 2808 668 2870 per
691 2807 817 2851 annum
840 2787 884 2851 de
906 2787 1038 2852 auxilio
1058 2787 1261 2852 vicecomitis

156 2889 262 2972 ,viij.d.
325 2889 453 2954 ibidem
485 2901 563 2954 sunt
594 2890 656 2972 vij.
686 2891 765 2956 hide
794 2891 885 2955 vnde
915 2911 980 2956 vna
1009 2891 1148 2956 dimidia
1182 2891 1262 2956 hida

155 3004 241 3058 terre
257 3014 358 3078 quam
380 2992 546 3058 Radulsus
568 2995 611 3060 de
627 2995 748 3060 Bancis
769 3005 804 3060 et
821 2995 1009 3060 Willeimus
1024 2994 1110 3059 iiiios
1127 2994 1261 3082 Raduiii

156 3107 190 3162 et
218 3097 386 3162 Robertus
413 3096 544 3180 Saffrey
568 3108 692 3174 tenent,
716 3099 749 3163 id
776 3109 829 3163 est
854 3099 995 3164 dimidia
1018 3098 1105 3175 hida,
1128 3109 1162 3163 et
1184 3109 1263 3164 sunt

157 3201 349 3285 geldabiles

223 3306 368 3388 Horseye
380 3306 632 3391 [Horseheath].
679 3309 766 3374 Item
787 3308 830 3374 de
855 3309 1010 3392 Horseya
1029 3309 1200 3390 Johannes
1220 3309 1264 3374 de

159 3411 296 3476 Penield
328 3412 428 3478 debet
461 3412 543 3494 vij.
574 3414 617 3478 de
651 3413 746 3478 firma
780 3424 816 3479 et
844 3425 987 3498 quatuor
1021 3414 1105 3498 [de]¹
1135 3415 1264 3480 auxilio

157 3517 371 3582 vicecomitis.
418 3515 548 3581 Ibidem
580 3517 631 3581 W.
664 3517 776 3581 Minae
807 3518 907 3583 debet
937 3521 966 3583 .i.
995 3526 1121 3583 sectam
1151 3530 1186 3584 et
1220 3519 1264 3583 de

158 3621 285 3686 auxilio
307 3621 510 3686 vicecomitis
533 3619 630 3704 ‚iiij.d.

324 3958 530 4025 Hundredus
550 3960 590 4025 de
620 3959 812 4042 Witlessord
829 3961 1102 4046 [Whittiesiord].

226 4114 376 4178 Hinxten
393 4114 591 4200 [Hinxton].
638 4117 700 4180 Est
717 4117 841 4182 ibidem
859 4117 993 4182 feodum
1009 4119 1037 4184 j.
1050 4117 1163 4183 militis
1179 4123 1267 4185 vnde

163 4217 284 4284 Sacrus
307 4219 350 4283 de
374 4219 499 4284 Sancto
521 4220 661 4286 Andrea
682 4231 715 4286 et
736 4222 915 4308 participes
936 4224 987 4288 sui
1007 4233 1123 4288 tenent
1143 4227 1267 4290 medie-

161 4333 276 4402 tatem,
291 4332 326 4388 et
345 4322 483 4389 heredes
504 4325 548 4388 de
568 4325 691 4409 Torpel
713 4327 928 4392 medietatem
949 4326 992 4392 de
1011 4327 1150 4393 domino
1173 4330 1267 4414 Rege

646 4479 656 4516 ¹
672 4481 707 4542 d..
720 4483 777 4534 MS.
