3192 5067
132 345 164 443 1]
376 350 438 445 Of
455 349 516 422 the
542 349 680 421 Priors
704 348 785 420 and
807 347 910 419 their
931 356 1007 419 acts
1192 353 1238 439 65

392 589 443 651 41.
487 571 541 635 De
561 573 706 637 Ricardo
728 572 836 637 Norel
854 570 980 636 Priore.

198 716 368 782 Defuncto
392 727 505 783 autem
533 719 640 801 priore
666 718 816 783 Gerardo
843 718 1000 783 successit
1023 717 1053 781 ei
1078 714 1242 780 Ricardus
1256 717 1363 811 ξιτψ

134 820 236 885 Norel
264 823 314 886 uir
338 824 520 905 religiosus,
547 824 703 908 simplex,
732 833 766 887 et
797 822 1039 907 pusillanimus,
1069 822 1125 904 qui
1156 839 1241 883 onus
1253 798 1405 920 {lg-{¹22¹

133 926 302 1007 regiminis
332 928 495 991 sustinere
525 949 592 991 non
624 926 810 1009 preualens,
839 926 992 991 salutatis
1022 926 1177 990 fratribus
1208 934 1242 987 et

132 1027 299 1108 osculatis,
322 1031 407 1095 infra
429 1032 601 1096 biennium
624 1042 745 1116 sponte
768 1033 913 1106 recessit,
937 1042 971 1095 et
998 1029 1106 1096 Gallie
1131 1038 1242 1111 partes

133 1133 259 1209 adienS,
279 1144 398 1217 postea
421 1156 487 1199 non
511 1135 707 1219 comparuit

185 1341 236 1404 42.
281 1325 334 1389 De
355 1327 494 1410 Hugone
515 1327 714 1393 Donusman
736 1329 856 1393 Priore
875 1339 907 1393 et
929 1328 1020 1393 illius
1042 1326 1189 1392 bonitate.

199 1471 277 1555 Quo
298 1473 473 1539 recedente
494 1476 633 1541 accessit
648 1476 692 1539 ad
710 1476 897 1540 Prioratum
914 1478 964 1541 vir
979 1495 1110 1540 summa
1126 1474 1242 1539 libera·
1258 1481 1361 1574 3332·-

134 1576 228 1641 litate
239 1586 273 1641 et
285 1578 500 1661 benignitate,
512 1581 681 1663 predictus
699 1581 804 1663 Hugo
820 1580 1038 1657 Domesman,
1054 1580 1339 1675 0³1¹0⁰l⁶⁰5‚}¹,},⁸,¹„¹gh

133 1681 251 1745 iratres
281 1683 362 1745 satis
391 1683 543 1765 diligens,
571 1693 605 1748 et
631 1684 675 1747 ab
704 1686 752 1748 eis
782 1685 863 1747 satis
893 1684 1043 1759 dilectus,
1070 1685 1128 1767 qui
1158 1683 1243 1748 adeo
1258 1682 1389 1787 llssl’nqs.

134 1785 314 1850 liberaliter
340 1796 373 1850 et
398 1788 566 1853 socialiter
588 1789 745 1854 fratribus
768 1790 801 1852 in
826 1788 970 1853 claustro
993 1788 1243 1852 considentibus

133 1889 349 1968 considebat;
379 1892 465 1955 adeo
495 1891 637 1956 dulciter
662 1905 696 1956 et
723 1892 943 1957 amicabiliter
973 1894 1006 1956 in
1022 1890 1182 1975 ,capitulo
1209 1892 1241 1955 in

135 1994 290 2059 fratribus
313 1995 507 2074 clamandis,
522 2007 556 2061 et
579 1998 773 2062 excessibus
796 1998 1008 2081 corrigendis,
1024 1996 1244 2080 procedebat3

133 2100 220 2163 adeo
235 2098 415 2164 liberaliter
434 2110 468 2165 et
487 2101 648 2183 hylariter
668 2104 701 2165 in
718 2102 891 2165 refectorio
906 2102 1000 2166 uultu
1018 2100 1079 2185 [et]
1095 2110 1192 2183 gestu
1208 2122 1244 2166 se

132 2204 281 2286 gerebat,
304 2215 341 2268 ut
364 2227 385 2269 a
410 2207 581 2271 nonnullis
603 2208 666 2272 sibi
690 2209 735 2272 ad
758 2208 947 2272 fatuitatem
971 2216 1189 2291 reputaretur,
1211 2216 1244 2270 et

133 2328 202 2371 non
225 2329 367 2391 preesse,
389 2310 448 2374 sed
471 2331 594 2387 coesse,
617 2312 671 2375 uel
695 2312 831 2375 subesse
855 2313 1026 2377 diceretur.
1074 2312 1143 2375 Iste
1166 2332 1245 2375 uero

132 2412 224 2477 beati
249 2412 363 2497 Egidij
387 2414 524 2479 ecclesie
547 2436 606 2479 sue
633 2416 765 2498 patroni
788 2436 849 2498 per
872 2416 985 2479 omnia
1012 2426 1145 2480 secutus
1172 2436 1244 2479 ues-

132 2517 225 2600 tigia,
241 2520 434 2600 parentibus
449 2521 520 2584 eius
536 2520 569 2584 in
585 2541 669 2603 pace
684 2519 859 2595 defunctis,
875 2520 1067 2604 patrimonii
1088 2520 1138 2585 sui
1154 2520 1244 2603 quod
1259 2544 1276 2593 f,
1289 2543 1345 2593 aab

132 2620 216 2685 satis
232 2641 393 2705 magnum
409 2632 614 2688 remanserat
630 2623 799 2688 Christum
817 2621 896 2687 fecit
910 2624 1075 2689 heredem.
1122 2624 1244 2689 Totam

132 2736 258 2790 terram
280 2726 416 2792 Osberti
438 2728 646 2792 Domesman
658 2728 763 2812 patris
778 2729 828 2791 sui
844 2728 969 2793 scilicet
985 2729 1113 2812 sepcies
1127 2728 1245 2810 viginti

132 2850 229 2894 acras
259 2831 292 2895 in
322 2834 450 2916 campis
481 2834 525 2897 de
558 2833 782 2916 Cantebrigia,
814 2853 875 2897 nec
906 2854 972 2897 non
1007 2854 1180 2897 mansuras
1212 2833 1245 2896 in

133 2936 244 3018 burgo
269 2954 372 3017 quam
396 2936 516 3019 plures,
535 2937 568 3001 in
592 2957 806 3002 communem
830 2938 968 3002 fratrum
991 2938 1135 3003 deduxit
1157 2936 1245 3001 utili-

132 3048 249 3103 tatem.
305 3040 401 3106 Duas
435 3042 544 3124 hydas
578 3051 665 3106 terre
695 3043 728 3106 in
761 3042 1014 3126 Maddingelaia
1043 3041 1246 3126 adquisiuit;

131 3144 311 3209 ecclesiam
340 3145 382 3209 de
409 3147 586 3211 Wendena
614 3146 822 3231 negligencia
848 3147 898 3211 sui
924 3146 1165 3230 predecessoris
1189 3146 1246 3210 de-

134 3249 301 3334 perditam
319 3251 502 3329 reuocauit3
522 3252 765 3334 possessionem
782 3251 928 3334 aliquam
945 3271 1127 3333 numquam
1145 3251 1246 3314 alien-

133 3354 217 3429 auit,
232 3373 293 3417 nec
309 3374 369 3437 spe
386 3354 437 3418 uel
454 3355 637 3437 cupiditate
658 3356 798 3437 pecunie
822 3355 1036 3437 adipiscendo
1051 3354 1248 3419 hereditarie

133 3458 236 3523 alicui
258 3458 408 3523 contulit.
455 3459 674 3523 Postmodum
698 3458 732 3522 in
756 3457 956 3542 languorem·
975 3456 1132 3522 decidens
1156 3458 1247 3521 incu-

133 3562 288 3642 rabilem,
312 3571 347 3627 et
373 3584 454 3627 oues
481 3562 543 3626 sibi
574 3564 769 3627 commissas
799 3563 864 3627 deo
895 3563 1145 3640 commendans,
1171 3572 1248 3646 post

133 3676 329 3749 susceptum
351 3666 538 3731 Prioratum
553 3687 643 3730 anno
658 3667 817 3730 vicesimo
833 3667 989 3749 migrauit
1005 3667 1047 3731 ad
1063 3668 1247 3731 dominum

134 3864 190 3929 43.
235 3845 286 3910 De
308 3846 446 3911 Roberto
468 3846 588 3910 Priore
612 3857 642 3910 et
664 3847 756 3912 illius
777 3846 919 3911 bonitate
938 3856 1140 3931 cognomento
1165 3844 1246 3920 Joel.

205 3984 360 4069 Suscepit
383 3994 496 4049 autem
523 3993 599 4067 post
625 4004 702 4047 eum
727 4004 813 4048 onus
836 3984 1005 4067 regiminis
1027 3986 1078 4049 uir
1100 3984 1249 4049 inaudite
1262 3993 1402 4085 ffssss‘fsspo,

136 4088 326 4154 seueritatis
361 4097 395 4152 et
429 4089 642 4165 austeritatis,
677 4088 845 4151 Robertus
879 4090 1068 4162 canonicus,
1103 4108 1170 4171 quo
1204 4073 1410 4152 ad1175-1wfl·'

137 4193 380 4278 increpandum
416 4193 527 4257 nullus
557 4194 722 4271 seuerior;
759 4192 803 4257 ad
834 4194 1145 4277 reprehendendum
1177 4193 1248 4257 nul·

137 4298 191 4361 lus
227 4298 395 4362 austerior.
453 4297 520 4361 Hic
550 4296 685 4380 quidem
723 4316 860 4361 manum
891 4318 986 4361 suam
1024 4297 1174 4361 mittens¹
1204 4298 1248 4361 ad

573 4424 582 4458 ¹
598 4426 736 4487 mittentes,
755 4427 814 4478 MS.

221 4543 248 4587 c·
1151 4544 1166 4605 s
