3192 5067
118 297 199 396 v11]
485 299 523 371 T
517 307 648 372 enanis
674 297 714 370 in
741 297 876 369 Bourn
1159 313 1229 386 295

191 485 358 550 Henricus
387 487 429 549 de
461 485 658 570 Knapwelle
684 493 777 549 tenet
803 482 975 566 quoddam
999 481 1148 545 clausum
1174 501 1233 564 per

115 598 258 667 cartam,
282 600 383 674 atque
406 590 514 654 reddit
538 590 615 655 inde
638 610 696 673 per
719 608 845 652 annum
870 585 974 668 xxvj.
996 583 1158 650 denarios.

190 696 305 760 Petrus
322 696 352 760 le
370 697 519 780 Engleys
539 704 632 761 tenet
648 696 795 778 quinque
811 713 905 757 acras
920 701 1006 757 terre
1022 711 1081 775 per
1095 699 1231 766 cartam,

116 808 154 864 et
171 799 282 865 reddit
297 801 374 866 inde
389 801 430 883 .ij.
445 800 579 866 solidos.

187 903 357 987 johannes
374 906 472 970 Bette
490 914 582 971 tenet
596 904 768 989 quoddam
791 903 941 969 clausum
963 922 1023 985 per
1040 909 1177 978 cartam,
1197 909 1233 964 et

117 1008 233 1075 reddit
249 1009 327 1074 inde
341 1031 401 1094 per
416 1029 542 1074 annum
558 1009 611 1091 iij.
627 1008 762 1074 solidos.

190 1114 356 1178 Henricus
380 1115 422 1179 ad
455 1123 591 1198 pontem
617 1122 710 1178 tenet
739 1111 915 1177 dimidiam
942 1129 1053 1175 acram
1078 1120 1164 1175 terre
1188 1112 1231 1176 ad

117 1218 329 1284 voluntatem
347 1219 476 1295 Prioris,
491 1228 526 1282 et
543 1217 653 1282 reddit
669 1217 747 1282 inde
763 1235 963 1300 perannum
980 1215 1056 1280 ,xvi
1070 1215 1234 1280 denarios

188 1323 325 1406 Agneta
348 1323 536 1407 Wythbred
561 1333 654 1388 tenet
676 1320 848 1406 quoddam
870 1320 1021 1384 clausum
1044 1320 1089 1384 ad
1115 1319 1231 1383 uolun-

117 1435 226 1491 tatem
250 1428 371 1492 Prioris
393 1437 428 1492 et
450 1427 560 1492 reddit
583 1426 662 1490 inde
685 1444 892 1510 perannum
916 1422 984 1505 xij.
1005 1423 1168 1488 denarios

188 1531 357 1597 Galt'ridus
373 1531 504 1596 Attehil
516 1542 609 1597 tenet
620 1551 720 1596 vnam
733 1531 850 1595 rodam
863 1539 949 1593 terre
964 1528 1006 1592 ad
1023 1528 1230 1593 voluntatem

120 1633 251 1711 Prioris,
266 1644 300 1699 et
316 1634 425 1698 reddit
440 1634 518 1698 inde
534 1655 593 1719 per
608 1652 733 1697 annum
749 1632 801 1715 .vj.
816 1632 979 1696 denarios.

186 1736 356 1802 Galiridus
377 1737 473 1802 West
494 1747 586 1802 tenet
606 1736 778 1821 quoddam
798 1736 948 1800 clausurn
964 1735 1007 1799 ad
1023 1733 1231 1798 voluntatem

120 1840 251 1918 Prioris,
267 1850 302 1906 et
317 1840 425 1906 reddit
442 1841 520 1905 inde
535 1862 594 1924 per
613 1860 738 1905 annum
755 1840 796 1922 ij.
812 1839 938 1903 solidos
953 1847 988 1903 et
1002 1838 1054 1920 .vj.
1069 1837 1232 1903 denarios

186 1945 338 2008 Vicarius
367 1955 460 2010 tenet
487 1945 657 2029 quoddam
688 1946 850 2020 clausum,
874 1953 909 2008 et
932 1943 1042 2008 reddit
1065 1941 1144 2007 inde
1173 1963 1233 2027 per

120 2068 246 2113 annum
270 2049 398 2132 ,xxviii
421 2051 584 2114 denarios.

184 2152 355 2235 ¹iohannes
379 2153 530 2218 Norman
552 2163 645 2219 tenet
668 2153 721 2236 iij.
743 2174 838 2218 acras
860 2164 947 2217 terre
967 2173 1026 2236 per
1046 2160 1182 2228 cartam,
1196 2162 1232 2217 et

120 2256 231 2321 reddit
254 2257 332 2321 inde
355 2277 561 2340 perannum
584 2257 653 2340 ,xij.
675 2257 840 2323 denarios.

188 2359 375 2424 Willelmus
405 2360 447 2425 de
485 2360 652 2426 Stantone
682 2370 774 2426 tenet
803 2359 976 2444 quoddam
1006 2359 1157 2424 clausum
1186 2362 1231 2425 ad

119 2466 327 2530 voluntatem
350 2467 478 2542 Prioris,
501 2476 536 2531 et
557 2467 666 2532 reddit
687 2467 766 2532 inde
785 2485 985 2550 perannum
1002 2464 1052 2549 .vj.
1068 2463 1231 2530 denarios.

186 2571 374 2636 WilleImus
386 2571 471 2654 J0ye
482 2571 526 2636 de
539 2571 761 2655 Kyngestone
773 2581 867 2636 tenet
878 2581 1022 2654 quatuor
1036 2591 1129 2634 acras
1145 2579 1231 2634 terre

577 2783 722 2848 Summa
742 2804 860 2846 .xxxv.
882 2781 981 2846 solidi
994 2779 1070 2862 '.iiij.
1092 2779 1230 2862 denarij.

189 2944 247 3007 Isti
270 2955 348 3008 sunt
371 2943 573 3026 Custumarij
599 2944 720 3008 Prioris
743 2945 786 3009 de
809 2943 1009 3008 Bemeweile
1033 2945 1067 3007 in
1086 2942 1166 3007 villa
1187 2943 1230 3007 de

124 3067 256 3130 Brunne
269 3089 275 3128 :

184 3202 322 3286 Agneta
337 3205 500 3286 Wytbred
519 3215 610 3270 tenet
621 3225 721 3269 vnam
738 3207 903 3288 virgatam
919 3213 1013 3280 terre,
1028 3212 1063 3268 et
1077 3204 1229 3287 operabit

122 3329 179 3392 per
200 3328 344 3372 annum:
367 3308 494 3372 seilicet
516 3308 637 3373 asesto
659 3311 765 3373 sancti
784 3308 959 3372 Michaelis
982 3328 1087 3391 usque
1106 3309 1229 3373 Natale

123 3413 155 3476 in
170 3413 318 3497 qualibet
339 3415 527 3498 septimana
548 3413 645 3479 saciet
666 3425 733 3479 tres
753 3436 881 3498 operas,
902 3415 1028 3478 scilicet
1047 3415 1102 3479 die
1124 3415 1228 3493 Lune,

123 3517 176 3581 die
198 3517 363 3600 Mercurij‚
385 3519 440 3583 die
462 3518 577 3600 jouis3
607 3528 641 3583 et
671 3519 779 3584 arabit
808 3520 864 3584 die
886 3520 1027 3584 Veneris
1053 3520 1227 3585 dimidiam

123 3641 229 3687 acram
260 3631 347 3686 terre
376 3644 435 3706 per
464 3644 664 3700 mensuram,
694 3625 756 3688 nisi
788 3624 909 3689 festum
940 3626 1136 3710 impedierit.
1182 3627 1227 3690 Et
1239 3639 1257 3689 f.
1272 3639 1342 3690 166b

124 3725 421 3790 aCircumcisione
453 3727 591 3791 Domini
615 3748 720 3811 vsque
749 3728 791 3792 ad
825 3726 1096 3793 Purificacionem
1125 3731 1228 3795 Beate

126 3829 227 3892 Marie
241 3829 390 3912 qualibet
405 3831 592 3913 septimana
608 3831 671 3914 iiij.
687 3851 825 3914 operas:
841 3833 967 3896 scilicet
981 3833 1036 3896 die
1052 3833 1157 3910 Lune,
1172 3834 1227 3899 die

127 3935 287 4016 Mercurij,
302 3935 356 3998 die
371 3937 474 4019 jonis,
489 3938 544 4000 die
560 3937 709 4013 Veneris,
726 3937 787 4000 nisi
802 3936 921 4001 festum
939 3938 1134 4021 impedierit
1180 3939 1227 4002 Et

125 4061 143 4103 a
165 4039 398 4104 Purificacione
422 4042 518 4105 beate
544 4041 649 4106 Marie
672 4062 778 4124 usque
800 4043 842 4106 ad
869 4042 1003 4120 Pascha,
1026 4044 1111 4108 sicut
1141 4043 1227 4109 inter

125 4143 240 4208 festum
264 4146 369 4208 sancti
395 4145 568 4210 Michaelis
591 4157 624 4210 et
650 4146 779 4223 Natale‚
796 4147 860 4210 nisi
884 4146 1005 4212 festum
1029 4149 1224 4231 impedierit

126 4249 166 4312 Et
176 4269 196 4310 a
210 4249 335 4312 Pascha
349 4270 453 4332 usque
467 4251 510 4315 ad
529 4251 707 4334 Hokeday,
723 4262 867 4334 quatuor
880 4273 1007 4336 operas,
1025 4253 1087 4316 nisi
1104 4253 1225 4318 festum

125 4352 315 4436 impedierit,
331 4353 389 4418 sed
405 4375 472 4418 non
485 4354 601 4419 arabit.
640 4355 684 4419 Et
700 4375 720 4418 a
738 4355 908 4440 Hokeday
923 4377 1029 4440 usque
1044 4357 1086 4421 ad
1103 4357 1224 4421 festum
