3192 5067
129 348 189 447 v1]
323 349 476 424 Release
503 359 537 423 to
565 348 708 448 Corpus
736 350 888 425 Christi
913 349 1053 449 College
1167 356 1234 425 281

183 513 221 588 At
239 533 288 589 the
306 533 362 588 end
380 535 411 588 ol
427 534 483 589 tlris
500 534 576 590 book
595 534 643 589 tlre
661 534 805 604 following
821 535 895 590 deed
912 535 936 591 is
955 536 1071 592 entered
1089 537 1118 590 in
1135 553 1153 591 a
1170 537 1241 591 later

129 623 210 679 hand
223 643 229 678 z

187 729 329 785 Omnibus
348 729 453 784 Christi
473 728 604 784 fidelibus
625 729 663 784 ad
684 746 756 801 quos
777 747 895 800 presens
916 730 1053 801 scriptum
1074 730 1241 799 peruenerit.
1256 743 1404 795 xij-namo.

130 817 278 888 Johannes
291 817 368 888 prior
380 818 471 873 sancti
487 818 581 888 Egidij
598 819 635 874 de
653 819 808 875 Bemewell
824 828 854 873 et
869 819 997 875 eiusdem
1009 819 1064 874 loci
1078 820 1242 874 Conuentus

131 906 254 962 salutem
266 905 295 961 in
308 906 425 962 domino
438 907 648 976 sempiternam.

188 995 215 1048 N
218 993 332 1050 oueritis
344 1012 397 1051 nos
409 995 551 1051 remisisse
561 997 702 1052 relaxasse
715 1006 743 1051 et
756 997 874 1052 omnino
883 1014 935 1066 pro
944 997 1027 1052 nobis
1036 1006 1065 1052 et
1075 995 1243 1050 successori·

131 1083 186 1136 bus
199 1082 303 1137 nostris
315 1083 522 1154 imperpetuum
535 1083 661 1154 quietum
674 1085 814 1139 clamasse
825 1083 949 1154 Johanni
965 1082 1094 1152 Botright
1105 1080 1242 1152 magistro

132 1169 235 1225 domus
249 1171 381 1242 Corporis
397 1172 481 1227 ihesu
502 1171 606 1227 Christi
624 1182 651 1227 et
665 1174 754 1229 Beate
768 1173 861 1230 Marie
873 1171 999 1242 Virginis
1011 1171 1047 1226 de
1061 1171 1243 1240 Cautebrigia

131 1268 160 1313 et
185 1259 340 1314 scolaribus
361 1259 488 1316 eiusdem
508 1259 610 1316 domus
631 1269 660 1315 et
679 1277 775 1316 eorum
800 1260 1011 1315 successoribus
1035 1259 1241 1330 imperpetuum

132 1356 224 1402 totum
237 1346 280 1402 ius
293 1357 421 1403 nostrum
438 1358 466 1403 et
479 1348 547 1403 iuris
559 1349 699 1404 clameum
712 1349 789 1419 quod
803 1365 929 1419 unquam
940 1348 1079 1403 habemus
1092 1347 1243 1402 habuimus

132 1450 183 1490 seu
196 1433 384 1505 quouismodo
400 1435 506 1490 habere
522 1434 678 1504 poterimus
695 1435 724 1489 iu
742 1433 866 1490 futurum
879 1435 915 1490 de
927 1445 955 1490 et
967 1435 997 1489 in
1010 1435 1134 1505 quodam
1147 1451 1242 1489 annuo

133 1521 245 1578 redditu
270 1533 390 1593 quatuor
413 1540 573 1578 marcarum
597 1523 745 1578 annuatim
769 1523 1015 1595 percipiendarum
1046 1523 1082 1578 de
1106 1533 1135 1579 et
1159 1539 1244 1594 super

133 1611 266 1666 omnibus
290 1621 319 1666 et
343 1611 514 1666 omnimodis
539 1611 619 1682 terris
644 1622 672 1667 et
696 1611 867 1666 tenementis
891 1611 1046 1667 eorundem
1066 1610 1195 1681 magistri
1214 1620 1242 1665 et

135 1699 289 1754 scolarium
310 1698 383 1753 infra
406 1699 504 1753 uillam
529 1699 741 1770 Cantebn'giam
760 1701 844 1755 simul
862 1717 928 1756 cum
945 1697 1077 1755 omnibus
1095 1697 1244 1769 arreragiis

133 1787 262 1843 eiusdem
287 1788 310 1841 si
336 1804 391 1859 que
421 1787 524 1844 fuerint
548 1788 588 1842 ita
612 1788 689 1859 quod
717 1804 769 1843 nec
794 1805 847 1843 nos
877 1805 928 1844 seu
952 1804 1130 1844 successores
1154 1786 1243 1842 nostri

133 1874 249 1944 aliquod
267 1874 310 1928 ius
328 1873 441 1928 titulum
460 1873 528 1928 iuris
546 1874 688 1928 clameum
706 1890 756 1928 seu
775 1875 903 1930 debitum
915 1875 952 1929 de
970 1883 998 1929 et
1012 1873 1041 1927 in
1057 1873 1134 1929 dicto
1147 1891 1242 1930 annuo

133 1962 246 2018 redditu
270 1963 330 2018 siue
353 1962 501 2032 arreragiis
532 1962 660 2018 eiusdem
685 1963 722 2018 de
752 1972 847 2019 cetero
871 1963 982 2034 exigere
1006 1963 1158 2019 uendicare
1181 1963 1243 2019 siue

133 2051 256 2105 clamare
275 2051 429 2120 poterimus
447 2049 476 2103 in
494 2049 618 2105 futurum
636 2050 687 2105 sed
705 2050 744 2104 ab
762 2050 840 2105 omni
858 2050 975 2106 accione
994 2049 1053 2104 iure
1074 2048 1156 2104 titulo
1174 2050 1243 2105 iuris

134 2139 243 2192 clameo
267 2137 329 2193 siue
353 2136 449 2192 debito
473 2137 543 2192 dicti
567 2135 695 2192 redditus
719 2136 824 2193 exclusi
848 2138 938 2192 simus
962 2137 1169 2208 imperpetuum
1191 2155 1243 2209 per

132 2237 284 2298 presentes

190 2315 222 2368 ln
247 2314 326 2368 cuius
345 2315 384 2368 rei
403 2312 595 2368 testimonium
614 2311 736 2382 sigillum
750 2322 878 2368 nostrum
896 2329 1047 2370 commune
1064 2313 1241 2384 presentibus

134 2401 239 2474 apponi
256 2400 382 2456 fecimus.
420 2402 528 2455 Datum
547 2399 576 2455 in
596 2399 681 2455 domo
702 2411 802 2456 nostra
820 2401 967 2471 capitulari
985 2401 1051 2473 ,xij⁰.
1070 2402 1117 2458 die
1135 2404 1241 2459 mensis

134 2489 259 2562 Januarij
280 2491 364 2544 Anno
385 2488 464 2557 regni
491 2489 578 2558 Regis
606 2488 722 2544 Henrici
743 2489 814 2544 sexti
838 2501 903 2559 post
928 2501 1114 2562 conquestum
1138 2493 1241 2562 Anglie

135 2577 266 2648 .rrrurviij.⁰
284 2576 330 2648 [12
348 2579 480 2648 januam,
504 2574 589 2647 1460].
