3192 5067
139 335 195 436 ιν]
472 348 514 414 at
539 338 698 415 Councz'l
717 341 767 436 of
785 340 909 437 Lyom
1173 359 1243 432 205

138 519 267 575 cionibus
283 521 429 592 legittimis
445 522 596 578 admittere
609 523 764 578 clementer
775 522 877 577 uelitis.
915 522 1008 590 Quem
1020 530 1119 577 tenore
1132 537 1244 593 presen-

138 607 214 661 cium
238 618 365 665 nostrum
389 626 488 666 uerum
512 620 539 666 et
564 610 733 680 legittimum
757 610 956 665 constituimus
979 620 1196 680 procuratorem,
1215 607 1245 661 in

138 706 231 750 uestre
248 696 407 752 sanctitatis
425 696 574 767 presencia
591 708 619 753 et
638 697 711 753 sacri
730 696 816 753 uestri
834 696 945 767 concilij
963 697 1195 766 congregacione,
1207 695 1245 749 ad

139 783 325 851 subeundum,
334 785 533 857 recipiendum,
541 796 571 841 et
583 785 753 853 iaciendum,
761 803 817 856 que
830 796 923 841 uestre
935 786 1094 840 sanctitatis
1107 784 1244 839 serenitas

138 879 166 925 et
185 872 337 927 uenerandi
358 873 477 943 Concilij
496 874 681 944 prouidencia
698 874 809 929 duxerit
828 890 878 928 seu
900 872 1029 928 duxerint
1048 872 1199 928 statuenda
1217 880 1245 925 et

139 959 312 1031 iniungenda
329 960 437 1024 eidem;
458 977 571 1016 necnon
590 961 627 1015 ad
645 962 830 1031 prestandum
850 962 879 1015 iu
898 960 1008 1016 animas
1027 970 1138 1015 nostras
1157 959 1244 1031 quod·

137 1048 207 1103 libet
225 1066 315 1118 genus
334 1049 504 1105 sacramenti
524 1050 599 1120 quod
620 1059 715 1105 uestra
734 1050 871 1105 sanctitas
891 1048 1000 1104 duxerit
1021 1048 1197 1117 exigendum,
1216 1056 1245 1102 et

139 1136 215 1205 quod
239 1154 321 1192 uerus
345 1148 374 1192 et
397 1136 550 1207 legittimus
574 1138 716 1208 generalis
740 1154 790 1194 seu
815 1137 947 1209 specialis
971 1138 1061 1209 possit
1082 1145 1245 1207 procurator

138 1224 278 1293 exhibere,
286 1236 314 1281 et
326 1225 402 1296 quod
415 1225 580 1295 nosmetipsi
594 1236 791 1297 prestaremus,
799 1224 823 1279 si
836 1234 979 1295 presentes
992 1240 1120 1279 essemus
1131 1222 1244 1291 ibidem,

138 1312 335 1381 promittentes
347 1330 401 1368 nos
413 1322 504 1369 ratum
517 1324 546 1369 et
558 1313 669 1367 firmum
682 1313 787 1367 habere
799 1322 828 1367 et
840 1328 953 1367 seruare
966 1310 1101 1381 quicquid
1115 1328 1167 1365 uos
1180 1327 1244 1365 cum

138 1400 215 1455 dicto
233 1400 360 1456 Concilio
375 1399 547 1456 coniunctim
562 1410 591 1455 et
603 1400 718 1455 diuisim
730 1399 911 1455 decreueritis
924 1399 1092 1467 faciendum,
1105 1416 1140 1454 ac
1151 1398 1244 1453 eidem

138 1488 253 1544 nomine
265 1499 363 1544 nostro
375 1489 586 1558 iniungendum.

194 1578 227 1630 ln
245 1577 323 1631 cuius
337 1577 376 1632 rei
389 1575 581 1632 testimonium
594 1572 773 1647 presentibus
786 1574 887 1630 litteris
900 1574 993 1645 sigilla
1006 1584 1102 1629 nostra
1115 1572 1245 1629 duximus

138 1663 316 1733 apponenda

193 1751 301 1805 Datum
317 1752 394 1821 apud
411 1751 582 1807 Bernewelle
598 1750 627 1804 in
645 1749 768 1821 capitulo
785 1759 883 1805 nostro
898 1749 956 1821 .iij⁰.
969 1749 1033 1804 idus
1050 1747 1156 1817 marcij,
1170 1764 1245 1802 anno

138 1840 246 1896 domini
259 1850 331 1895 .m⁰.
340 1849 398 1896 cc0.
413 1841 623 1912 septuagesimo
636 1840 731 1895 tercio.

327 2097 357 2161 9
405 2076 601 2162 Ccmficacio
615 2076 839 2159 procuraton's
861 2078 896 2141 in
918 2077 1053 2143 corm'lio.

193 2212 331 2284 Magister
348 2212 480 2268 Ardicio¹
498 2214 535 2268 de
554 2212 673 2281 Comite‚
695 2212 872 2284 primicerius
890 2214 1117 2281 mediolanensis,
1137 2214 1244 2268 domini
1259 2213 1322 2264 ΑΡ·
1340 2212 1365 2254 ⁸¹

520 2302 526 2313 .
566 2301 572 2312 .
727 2301 744 2313 ..
1072 2303 1078 2315 ,
1185 2302 1190 2313 ,
1258 2262 1305 2305 elta
1323 2224 1373 2304 fato
1383 2268 1410 2304 to

141 2305 218 2374 Pape
249 2302 429 2373 Capelianus,
454 2318 488 2356 ac
519 2318 608 2373 ipsius
640 2302 744 2371 Palach
776 2318 925 2357 causarum
955 2303 1095 2371 generalis
1125 2302 1244 2369 auditor,
1258 2312 1300 2355 the
1352 2324 1388 2362 or,

139 2391 277 2461 religiosis
310 2392 378 2445 uiris
413 2389 502 2445 Priori
537 2400 565 2445 et
600 2389 751 2445 conuentui
785 2390 822 2445 de
859 2391 1031 2447 Bemewelle
1064 2391 1185 2447 salutem
1215 2390 1244 2444 in
1259 2363 1411 2467 ξξῚῗἪηι,

138 2478 264 2533 domino.
1259 2470 1367 2556 ffi‘ffl

195 2568 332 2637 Lugduni,
347 2567 445 2639 inquo
457 2576 669 2621 sacrosanctum
681 2564 832 2619 concilium
844 2582 895 2635 per
911 2566 1120 2622 sanctissimum
1136 2576 1245 2637 patrem
1261 2563 1385 2615 wadnam,

1259 2613 1305 2656 hes

139 2656 285 2710 dominum
305 2655 472 2725 Gregorium
492 2656 600 2724 Papam
619 2653 761 2708 decimum
785 2653 875 2709 extitit
901 2654 930 2709 in
954 2653 1083 2709 kalendis
1108 2656 1245 2725 presentis
1259 2664 1409 2713 emesam·

139 2744 245 2799 mensis
277 2743 347 2813 Maij
378 2753 590 2813 congregatum,
621 2741 760 2797 discretus
790 2742 834 2795 uir
863 2740 997 2811 magister
1034 2744 1173 2799 Ricardus
1210 2744 1245 2798 de
1258 2714 1406 2807 iffi&

141 2834 275 2889 Nedham
296 2841 460 2904 procurator
482 2841 574 2886 uester
595 2830 721 2895 ueniens,
743 2846 774 2884 se
798 2830 862 2885 loco
882 2832 966 2886 uestri
989 2830 1101 2902 inipso
1126 2815 1375 2931 conciliof¹¹,⁰3’''“¹'

139 2918 319 2991 presentauit,
341 2919 447 2973 litteras
471 2915 682 2988 procuracionis
700 2924 728 2969 et
750 2916 945 2972 excusacionis
970 2917 1131 2971 huiusmodi
1154 2918 1245 2986 nobis,
1268 2904 1274 2917 ¹

140 3024 224 3079 quem
254 3006 330 3060 idem
360 3004 493 3059 dominus
524 3004 603 3074 Papa
631 3001 669 3055 ad
700 3001 892 3071 recipiendum
922 3003 1134 3074 procurationes
1169 3003 1246 3074 ipsas

139 3098 335 3167 deputauerat,
364 3092 563 3163 presentando.
605 3088 701 3160 Quas²
727 3091 892 3162 recepimus,
917 3092 1049 3161 dictoque
1072 3094 1246 3163 procuratori

138 3183 311 3239 restituimus
335 3191 487 3252 postquam
512 3179 541 3234 in
565 3180 667 3235 eodem
693 3181 821 3237 Concilio
844 3179 1072 3250 procuratoribus
1095 3180 1245 3236 recedendi

139 3271 258 3327 licencia
268 3270 320 3325 tuit
332 3270 408 3325 data

194 3362 227 3414 ln
247 3360 327 3414 cuius
342 3358 384 3414 rei
401 3358 594 3413 testimonium
610 3366 756 3427 presentes
768 3356 876 3411 litteras
893 3356 1012 3411 fecimus
1026 3354 1085 3410 fieri
1101 3368 1130 3411 et
1149 3368 1245 3414 nostro

140 3447 232 3517 sigillo
244 3445 354 3500 muniri.

139 3631 248 3693 quarto,
261 3620 417 3676 indictione
430 3619 562 3675 secunda

368 3896 415 3945 ιο.
460 3878 654 3944 Procuracio
676 3877 712 3941 in
737 3876 841 3945 Curia
863 3877 1023 3943 Ronmna.

194 4020 302 4073 Notum
319 4018 356 4071 sit
372 4017 505 4071 omnibus
521 4025 620 4071 sancte
636 4013 735 4069 matris
754 4015 873 4068 ecclesie
890 4012 954 4082 filijs
968 4014 1005 4068 ad
1017 4029 1089 4085 quos
1103 4024 1246 4082 presentes
1259 4020 1312 4064 The

139 4106 230 4162 littere
243 4104 428 4176 peruenerint,
442 4105 518 4175 quod
531 4121 584 4159 nos
598 4106 704 4171 Symon
719 4102 807 4168 Prior,
819 4112 847 4158 et
860 4112 1016 4157 conuentus
1033 4102 1196 4172 monasterij
1210 4103 1246 4158 de
1259 4076 1375 4174 3ᾮῖξὲ

141 4193 312 4251 Bemewelle
331 4192 438 4247 ordinis
460 4190 551 4246 sancti
576 4190 727 4260 Augustini
750 4190 881 4258 Elyensis
900 4190 1054 4257 dioceseos,
1073 4189 1245 4259 ordinamus,
1260 4172 1402 4275 {32⁰2ss

551 4311 561 4344 ²
578 4311 724 4368 Seeebove,
737 4328 762 4376 p.
780 4326 835 4374 ¹²4·

555 4394 567 4426 ¹
581 4412 654 4461 quos,
666 4394 723 4446 MS.
