3192 5067
477 1087 515 1169 3.
576 1062 784 1146 Tnssne
826 1062 908 1145 oF
948 1060 1299 1145 conrnune.

398 1318 460 1381 Per
476 1318 574 1381 istam
591 1316 741 1382 tabulam
758 1316 882 1401 poterit
896 1316 1039 1399 diligens
1051 1314 1156 1379 lector
1167 1314 1316 1378 inuenire
1327 1333 1444 1378 omnes

331 1442 428 1484 casus
458 1430 492 1486 et
524 1421 680 1487 materias
705 1441 771 1504 que
798 1420 832 1484 in
859 1420 924 1484 hoc
949 1418 1119 1485 volumine
1145 1420 1361 1485 continentur
1386 1436 1447 1502 per

332 1526 477 1590 rubricas
507 1526 656 1609 singulas
687 1524 846 1590 librorum
876 1525 1094 1609 singulorum.
1139 1524 1262 1590 Lector
1291 1523 1392 1607 igitur
1417 1522 1445 1585 si

332 1630 481 1695 inueniat
495 1628 587 1713 quod
608 1628 670 1693 sibi
694 1626 804 1713 placet
819 1638 854 1693 et
869 1628 1010 1713 expedit
1025 1628 1140 1693 laudet
1154 1628 1339 1695 dominum.
1384 1626 1445 1692 Sin

332 1742 445 1798 autem
466 1733 551 1797 tanti
573 1732 696 1798 laboris
716 1734 870 1817 operario
890 1754 957 1798 non
977 1733 1141 1812 detrahat,
1155 1732 1315 1817 quoniam
1330 1731 1445 1796 omnia

331 1858 397 1919 que
423 1836 560 1901 inferius
584 1836 707 1921 scripta
733 1838 879 1903 suntad
907 1837 1095 1903 doctrinam
1118 1847 1152 1903 et
1176 1836 1444 1902 consolacionem

334 1943 471 2007 fratrum
497 1942 681 2007 futurorum
702 1942 826 2027 scripta
847 1952 933 2008 sunt
981 1941 1050 2007 Ubi
1075 1942 1176 2026 igitur
1198 1941 1302 2006 lector
1324 1941 1358 2005 in
1382 1938 1445 2003 hoc

332 2066 433 2129 opere
449 2045 614 2109 inuenerit
629 2045 797 2111 desectum
814 2046 905 2129 quod
917 2046 1014 2111 deest
1024 2044 1180 2129 suppleat
1195 2053 1230 2110 et
1244 2042 1443 2109 scribentem

333 2169 399 2213 non
415 2148 586 2213 diiudicet.

552 2334 756 2401 INCIPIUNT
780 2334 953 2400 RUBRICE
976 2349 1084 2400 PRlMl
1108 2332 1232 2400 mutui

373 2482 520 2607 nPrologus
533 2480 561 2537 in
574 2481 676 2537 librum
690 2483 940 2539 memorandorum
951 2480 1071 2539 ecclesie
1082 2482 1277 2539 conuentualis
1289 2482 1325 2535 de
1339 2482 1444 2535 Barne-

331 2570 372 2607 we
393 2570 418 2610 e

352 2664 373 2703 1.
412 2650 489 2706 Vera
506 2649 636 2704 narracio
651 2650 687 2704 de
706 2650 799 2719 prima
816 2649 985 2706 fundacione
1002 2649 1204 2705 canonicorum
1221 2648 1257 2703 de
1274 2647 1445 2705 Barnewelle

473 2720 549 2775 etde
565 2719 663 2775 Picoto
675 2719 850 2775 vicecomite
863 2721 912 2792 qui
924 2720 976 2776 suit
990 2720 1099 2791 primus
1111 2737 1209 2776 eorum
1222 2719 1361 2775 lundator.

351 2806 374 2845 2.
415 2792 460 2846 De
474 2792 620 2861 Hugolina
631 2808 717 2847 uxore
731 2790 829 2861 Pycoti
843 2790 1024 2847 vicecomitis.

350 2877 373 2931 3.
413 2864 458 2917 De
470 2862 628 2932 egritudine
640 2871 670 2918 et
681 2872 749 2917 voto
761 2860 850 2933 ipsius
865 2862 1016 2931 Hugoline

349 2947 373 2999 4.
414 2934 458 2988 De
477 2949 562 3003 opere
582 2933 702 2989 ecclesie
723 2944 751 2989 et
770 2933 953 2989 institucione
974 2935 1175 2990 canonicorum
1197 2933 1366 3003 regularium
1390 2932 1444 2987 sub

474 3002 604 3058 Gallrido
621 3004 721 3074 priore.

351 3088 374 3143 5.
412 3076 499 3129 Carta
512 3074 610 3144 Pycoti
623 3074 797 3130 vicecomitis
830 3092 896 3130 uam
909 3075 976 3131 iecit
988 3077 1133 3132 canonicis
1147 3075 1213 3131 suis

349 3146 374 3199 6.
415 3146 458 3199 De
471 3155 562 3200 morte
576 3146 673 3215 Pycoti
686 3155 715 3200 et
729 3094 881 3216 Hugoiine

349 3229 373 3283 7.
414 3216 459 3272 De
472 3216 598 3270 Roberto
610 3215 669 3271 lilio
683 3216 789 3285 Pycoti.

349 3288 374 3342 8.
413 3288 459 3343 De
473 3288 589 3356 Pagano
603 3287 725 3343 Peuerel

347 3374 372 3425 9.
412 3360 456 3412 De
468 3358 531 3413 loco
543 3358 579 3413 de
593 3357 771 3415 Barnewelle.

336 3444 374 3483 ro.
413 3430 459 3483 De
473 3427 624 3484 dilectione
643 3428 748 3498 Pagnni
767 3431 884 3486 Peuerel
896 3448 983 3502 quam
995 3429 1095 3486 habuit
1108 3428 1183 3501 apud
1198 3430 1357 3486 Canonicos
1370 3449 1445 3487 suos.
1531 3429 1536 3440 '

336 3513 374 3553 11.
413 3498 540 3569 Qualiter
553 3501 685 3570 Paganus
697 3500 807 3556 dotauit
820 3502 982 3557 Canonicos
995 3519 1070 3556 suos.

336 3584 374 3625 12.
414 3570 459 3625 De
470 3570 557 3625 cartis
569 3581 597 3626 et
610 3570 886 3627 confirmacionibus.

335 3654 375 3709 13.
413 3642 501 3696 Carta
531 3640 626 3696 loriosi
640 3642 714 3711 regis
729 3642 845 3698 Henrici
861 3643 956 3699 Primi.

336 3727 375 3779 14·
413 3713 499 3767 Carta
510 3658 619 3768 domini
633 3712 754 3781 Remigii
771 3712 979 3769 Lincolniensis
992 3711 1135 3783 Episcopi.

334 3796 374 3853 ις.
413 3783 500 3839 Carta
512 3782 620 3839 domini
636 3784 743 3839 Hercei
758 3783 890 3853 Elyensis
903 3784 1037 3855 Episcopi
1052 3784 1146 3838 Primi.

336 3854 375 3909 16.
414 3856 499 3909 Carta
512 3854 620 3909 domini
635 3857 662 3909 N
665 3855 740 3923 igelli
754 3856 886 3924 Elyensis
899 3855 1044 3927 Episcopi.

336 3939 375 3992 17.
414 3927 499 3980 Carta
511 3925 670 3980 Theobaldi
685 3926 898 3982 cantuariensis
914 3924 1089 3997 [something
1105 3922 1217 3995 erased]
1229 3926 1445 3998 archiepiscopi.

335 3997 375 4051 18.
414 3998 460 4052 De
477 3995 666 4121 tralrltslacione
686 3997 894 4052 Canonicorum
914 3998 951 4052 de
970 3995 1153 4065 cantebrigia
1171 4012 1259 4068 vsque
1280 3998 1318 4052 ad
1341 4000 1444 4053 Bame-

474 4083 516 4121 we
537 4084 560 4121 e.

337 4151 375 4209 19.
415 4140 459 4192 De
475 4148 566 4193 morte
585 4136 703 4193 Galln'di
722 4137 835 4201 Prioris.
848 4138 926 4194 etde
938 4137 1077 4210 Reliquiis
1089 4154 1161 4209 quas
1180 4140 1313 4209 Paganus
1331 4142 1446 4198 Peuerel

475 4208 553 4265 dedit
573 4207 733 4264 Canonicie

383 4330 392 4365 ¹
409 4330 466 4383 The
483 4332 605 4399 headings
621 4340 648 4384 to
665 4332 707 4383 the
723 4332 842 4399 chapters
858 4333 925 4385 have
941 4334 1006 4385 been
1024 4334 1163 4387 numbered
1180 4334 1219 4386 lor
1237 4335 1406 4389 convenience
1423 4338 1454 4387 oi

336 4414 471 4467 relerenoe.
