3192 5067
123 324 189 426 111]
353 328 430 403 The
456 328 626 426 Eyreat
653 325 883 424 Cambridge,
916 346 1008 419 1272
1163 348 1230 415 129

123 516 238 600 gracia
261 514 545 594 confirmacionis;
576 525 610 580 et
634 515 780 598 optinuit
804 514 962 597 episcopo
987 512 1129 576 multum
1154 532 1232 576 con-

123 621 302 705 gaudente.
350 622 424 685 Hec
445 630 559 685 autem
581 620 704 684 eleccio
727 619 816 683 lacta
839 618 901 682 luit
924 618 979 681 die
1001 616 1233 681 translacionis

123 727 233 789 sancti
255 725 437 808 Augustini
459 724 540 788 feria
560 726 684 802 tercia;
707 733 741 787 et
763 723 796 786 in
819 732 941 787 octauo
959 722 1022 795 die,
1039 720 1163 785 scilicet
1178 722 1233 785 die

124 832 232 895 sancti
258 828 372 903 Luce¹,
398 830 497 912 redijt
520 829 612 892 domi
638 838 672 892 et
696 827 885 892 installatus
908 836 959 891 est
981 835 1052 890 tam
1076 826 1109 888 in
1132 824 1234 889 choro

124 956 228 1019 quam
252 936 285 1000 in
308 936 465 1019 capitulo.

128 1170 178 1233 39.
223 1153 274 1217 De
300 1153 414 1217 ttinere
432 1152 706 1237 Justiciariorum
732 1151 824 1233 apud
849 1150 1097 1233 Cantabrigiam
1118 1150 1235 1213 scilicet

288 1256 446 1339 magatro
467 1257 594 1339 Rogare
615 1257 655 1319 de
677 1255 813 1338 Seytona
833 1264 865 1319 ct
884 1256 977 1339 socijs
997 1255 1074 1320 eius.

193 1409 299 1475 Anno
332 1412 425 1495 regni
460 1413 564 1495 Regis
598 1412 735 1475 Henrici
773 1410 833 1493 lvj⁰
867 1410 1025 1474 sederunt
1060 1408 1232 1492 justiciarij
1248 1407 1380 1509 {illisa

128 1516 321 1581 itinerantes
337 1518 426 1601 apud
444 1517 714 1599 Cantebrigiam:
736 1515 891 1580 videlicet
908 1516 1066 1597 magister
1082 1514 1234 1595 Rogerus
1247 1509 1357 1610 ζξξξῗ·

127 1620 171 1684 de
188 1619 361 1703 Seytone¹‚
375 1619 490 1684 Adam
509 1620 552 1683 de
573 1617 775 1695 Greneuile⁸,
792 1620 963 1703 johannes
979 1619 1022 1682 de
1039 1615 1234 1695 Cobeham⁴,
1248 1619 1304 1662 ¹²⁷²·

130 1726 296 1791 Henricus
312 1726 355 1790 de
370 1725 628 1810 Wlhamptone⁸
644 1726 775 1801 milites,
787 1735 821 1789 et
838 1726 931 1788 Prior
946 1724 988 1788 de
1005 1721 1213 1807 Spaldinge⁶.

167 1964 219 2027 40.
265 1946 317 2011 De
332 1947 454 2029 placito
475 1957 587 2010 contra
609 1945 762 2009 Prrhrem
784 1945 824 2009 de
848 1942 1056 2010 Chikesaund
1068 1952 1202 2025 propter

365 2062 482 2116 rectam
508 2052 606 2119 cura
629 2050 765 2117 Comitis
790 2050 990 2114 Gloucertrie.

197 2202 236 2265 In
260 2200 324 2265 hoc
346 2202 463 2266 itinere
487 2201 602 2265 uolens
626 2199 742 2264 nolens
766 2200 904 2264 intrauit
928 2198 1019 2262 Prior
1045 2198 1088 2261 de
1116 2197 1236 2262 Chike-
1249 2208 1383 2303 gshcehffssqr

129 2305 237 2368 saund
261 2305 304 2368 ad
328 2304 588 2388 acquietandum
603 2296 760 2369 'Priorem
783 2304 827 2368 de
851 2302 1053 2367 Bernewelle
1075 2301 1118 2365 de
1145 2313 1236 2366 secta
1250 2312 1322 2353 ¹⁸⁰⁶·

130 2410 220 2499 curie
243 2410 332 2493 apud
357 2410 499 2474 Crucem
522 2410 632 2490 Roys⁷
654 2431 756 2491 quam
779 2407 978 2493 G[ilbertus]
1000 2427 1113 2470 comes
1135 2404 1234 2470 Glou-

130 2514 264 2577 cestrie⁸
288 2515 448 2596 exigebat
473 2534 534 2597 pro
557 2523 644 2577 terra
671 2514 713 2577 de
738 2515 907 2596 Pynecote
919 2534 927 2591 ;
956 2522 991 2577 et
1015 2512 1162 2575 leuatum
1186 2521 1236 2575 est

130 2617 209 2682 inde
239 2618 486 2701 cyrographum
518 2618 551 2680 in
583 2618 700 2681 itinere
730 2619 811 2700 ipso,
869 2618 915 2681 Et
954 2616 1043 2679 idem
1073 2616 1164 2678 Prior
1194 2617 1237 2679 de

131 2720 333 2785 Bernewelle
348 2722 441 2785 dedit
459 2721 560 2784 Priori
582 2720 625 2784 de
646 2720 861 2786 Chikesaund
876 2770 882 2784 .
895 2734 919 2782 v
931 2769 938 2785 .
950 2740 1078 2783 marcas
1094 2740 1155 2802 pro
1171 2716 1236 2781 fine

131 2835 164 2890 et
180 2822 381 2890 concordia⁸.

179 2970 188 3002 ¹
205 2972 289 3021 There
304 2972 326 3022 is
342 2986 412 3021 some
428 2969 536 3020 mista-ke
553 2970 619 3029 here,
634 2970 677 3019 the
694 2969 854 3019 Translation
871 2967 901 3017 ol
915 2968 940 3018 S.
954 2966 1096 3032 Augustino
1113 2966 1188 3031 being
1205 2983 1237 3017 ou

131 3053 200 3119 Sept.
211 3053 228 3104 6
239 3053 290 3103 and
301 3053 344 3102 the
357 3053 431 3101 Feast
442 3051 472 3101 οἱ
481 3052 508 3103 S.
523 3050 596 3101 Lulre
607 3067 641 3100 on
654 3051 711 3101 Oct.
727 3053 764 3100 18.
800 3050 824 3098 It
835 3049 880 3098 has
896 3050 959 3098 been
975 3049 1108 3113 suggested
1124 3049 1177 3097 that
1192 3064 1238 3098 our

130 3136 269 3187 chronicler
284 3135 362 3200 ought
374 3146 401 3184 to
412 3135 476 3184 have
490 3134 586 3183 written
598 3134 636 3183 ior
647 3134 674 3185 S.
688 3131 780 3182 Luke’s
792 3133 841 3196 day
852 3132 895 3181 the
908 3133 981 3182 Feast
993 3132 1022 3181 oi
1035 3133 1078 3181 the
1094 3132 1238 3182 Exaltation

131 3219 160 3269 of
174 3219 216 3268 the
231 3218 315 3278 Cross,
334 3218 405 3282 Sept.
425 3232 463 3280 14.
496 3216 552 3265 The
570 3216 652 3265 words
670 3218 699 3263 in
715 3224 797 3264 octavo
813 3216 852 3264 die
869 3215 952 3264 would
969 3215 1028 3264 then
1046 3230 1127 3275 mean,
1146 3230 1179 3264 on
1196 3214 1239 3263 the

131 3301 218 3366 eighth
229 3301 279 3365 day
290 3300 353 3349 atter
366 3298 409 3349 the
420 3299 589 3349 Translatiou.
626 3299 674 3347 We
690 3298 768 3362 ought
783 3298 891 3362 perhaps
906 3306 933 3347 to
948 3298 1008 3347 read
1020 3301 1037 3325 “
1045 3299 1071 3347 in
1083 3298 1183 3362 [xjviij‘t
1198 3298 1240 3347 die

132 3384 273 3447 [Octobris]
283 3382 378 3433 scilicet
389 3383 431 3432 die
441 3382 522 3432 ancti
534 3380 627 3432 Luce.”
775 3394 779 3401 ·

181 3467 192 3499 ¹
208 3467 287 3517 ehief
291 3467 381 3531 justice
392 3465 421 3515 of
429 3466 472 3515 the
484 3467 609 3516 Common
622 3466 702 3523 Pleas,
713 3466 740 3515 d.
756 3467 824 3528 ¹²7⁸·

180 3548 192 3582 ⁸
207 3550 232 3599 Α
242 3549 331 3613 justice
342 3548 372 3597 oi
379 3548 422 3598 the
433 3548 558 3599 Commou
572 3548 651 3597 Pleas.

180 3631 192 3663 ⁴
206 3631 274 3697 John
284 3631 317 3681 de
329 3630 445 3680 Cobham
457 3646 510 3680 was
520 3630 650 3680 advanced
662 3638 688 3680 to
700 3630 743 3680 the
755 3630 835 3680 bench
848 3638 873 3679 at
884 3629 1058 3680 Westminster
1069 3630 1095 3680 in
1104 3630 1240 3695 Febrim,

137 3729 207 3777 1270.

181 3796 193 3828 ⁸
210 3798 222 3845 1
234 3804 334 3861 suspect
345 3796 395 3845 this
407 3811 480 3845 name
492 3803 518 3845 to
530 3796 563 3845 be
574 3795 693 3844 intended
708 3794 748 3843 ior
763 3795 852 3860 Henry
864 3793 892 3843 oi
905 3794 1085 3853 Wollaveston‚
1103 3810 1131 3843 or
1145 3794 1240 3844 Wolla-

133 3878 229 3937 aiaton,
242 3894 258 3927 a
266 3878 356 3942 justice
367 3877 484 3927 itinerant
496 3878 522 3927 in
537 3876 598 3928 1268
609 3877 660 3926 and
674 3891 745 3940 1272.

182 3959 193 3992 ⁸
207 3961 275 4026 John
286 3961 329 4010 the
341 3961 473 4016 Almoner‚
488 3960 557 4010 Prior
569 3960 598 4009 ol
607 3960 729 4024 Spalding
741 3960 766 4008 in
779 3958 952 4009 Liucolnshire
967 3971 1134 4023 1253-1274.
1171 3960 1241 4009 Mon.

134 4044 214 4108 Aegl.
225 4043 252 4092 ii.
265 4058 321 4109 ²09·
357 4043 399 4092 He
411 4058 462 4091 was
473 4042 611 4107 appointed
623 4058 639 4091 a
647 4041 736 4105 justice
747 4042 865 4091 itinerant
876 4042 901 4090 in
918 4053 987 4103 ¹²7²·

183 4134 193 4167 ⁷
211 4125 236 4173 Α
253 4125 312 4189 lady
329 4124 409 4174 onlled
427 4126 510 4175 Roese
527 4142 556 4174 or
573 4125 668 4189 Roysia
683 4132 720 4174 set
737 4141 772 4189 up
788 4141 804 4174 a
820 4124 930 4189 wayside
947 4140 1014 4175 cross
1030 4140 1090 4174 near
1107 4124 1188 4174 which
1200 4124 1242 4174 the

135 4216 202 4257 town
213 4207 294 4257 called
308 4206 434 4271 Royston
446 4206 591 4256 afterwards
601 4222 677 4271 grew.
714 4205 801 4263 siccat,
814 4206 887 4261 place
897 4205 991 4259 Names
1001 4206 1032 4271 os
1039 4206 1136 4255 Cambs.
1151 4222 1187 4269 13.

183 4290 195 4321 ⁸
210 4288 310 4340 Giibert
319 4288 353 4338 de
364 4288 449 4345 Clare,
460 4288 521 4337 Earl
532 4287 561 4337 of
570 4288 725 4341 Gloucester.

182 4369 194 4403 ⁸
211 4372 272 4423 Feet
283 4372 312 4422 oi
321 4372 407 4433 Fines,
421 4371 486 4427 Care
499 4385 539 4437 25,
554 4370 610 4426 File
622 4386 662 4439 35,
677 4371 728 4421 No.
741 4384 782 4435 45,

216 4496 242 4547 C.
