3192 5067
110 369 189 476 vn]
396 371 558 448 Tenants
584 371 625 447 in
660 369 926 467 Whiltlessord
1001 311 1002 315 Ἴ
1151 389 1221 463 315

182 558 346 623 Ricardus
365 557 397 622 le
418 558 601 623 mareschal
624 567 716 624 tenet
737 557 770 621 in
794 555 984 640 Briggeseld
1006 555 1035 638 .j.
1057 573 1169 619 acram
1189 562 1223 617 et

110 662 290 727 dimidiam
321 670 355 726 et
384 661 413 744 .j.
440 661 569 739 rodam,
594 671 630 726 et
659 662 769 725 iacent
799 661 886 724 inter
916 669 1038 723 terram
1075 656 1224 740 magistri

111 767 256 832 Walteri
283 776 318 831 et
341 776 465 831 terram
492 764 639 831 Radulfii
666 766 710 829 de
736 764 990 841 Dokesworthe,
1012 771 1046 827 et
1068 763 1225 827 abuttant

112 880 360 954 superterram
384 869 590 953 Baldewyni.
636 870 723 934 Item
746 877 840 932 tenet
862 868 890 950 .j.
912 888 1024 933 acram
1048 868 1082 931 in
1105 867 1225 932 eodem

112 995 238 1059 campo
261 977 503 1041 iuxtaterram
527 974 660 1038 Thome
683 974 862 1056 Carectarij
889 982 924 1038 et
946 973 1104 1037 abuttant
1126 992 1226 1055 super

112 1081 324 1145 Yeuestrate.
360 1079 446 1143 Item
459 1087 553 1142 tenet
564 1078 599 1141 in
613 1077 815 1143 Stonhilseld
829 1078 857 1160 .j.
871 1099 982 1143 acram
995 1087 1029 1142 et
1040 1077 1225 1154 dimidiam,

113 1192 149 1248 et
168 1183 282 1266 jacent
301 1182 386 1247 inter
407 1191 529 1246 terram
545 1180 707 1246 Willelmi
722 1183 765 1246 de
781 1181 1004 1259 Stachedene,
1018 1191 1053 1246 ct
1068 1181 1225 1246 abuttant

113 1298 353 1372 superterram
369 1287 520 1372 magistri
537 1286 686 1352 Walteri.

711 1388 854 1456 Summa
869 1390 933 1474 iiij.
949 1410 1025 1455 acre
1040 1399 1074 1454 et
1089 1389 1119 1472 .j.
1135 1389 1225 1454 roda.

184 1495 384 1578 Radulphus
401 1494 445 1559 de
465 1495 687 1561 Dokeswrthe
701 1505 795 1561 tenet
810 1497 843 1561 in
861 1495 1052 1580 Briggeseld
1068 1494 1097 1578 .j.
1113 1492 1224 1559 acram

114 1609 150 1664 et
173 1600 348 1664 dimidiam
371 1610 406 1665 et
428 1600 457 1684 .j.
481 1602 608 1679 rodam,
630 1611 664 1666 et
684 1601 798 1684 jacent
821 1602 907 1665 inter
929 1611 1051 1665 terram
1076 1599 1224 1683 magistri

116 1704 259 1770 Walteri
286 1715 320 1768 et
347 1714 469 1769 terram
497 1705 634 1771 Ricardi
661 1707 859 1781 Marescalli,
883 1715 918 1771 et
943 1706 1101 1771 abuttant
1127 1725 1226 1789 super

115 1817 238 1872 terram
263 1808 468 1892 Baldewyni.
940 1809 1082 1876 Summa
1097 1809 1225 1874 eadem.

182 1912 333 1977 Thomas
356 1913 472 1979 Haket
492 1923 585 1980 tenet
601 1915 635 1979 in
652 1914 855 1982 Stonhiiseld
873 1915 902 1998 .j.
918 1935 1029 1981 acram
1046 1926 1132 1980 terre
1146 1926 1181 1979 et
1196 1915 1225 1999 .j.
1239 1925 1257 1976 s.
1273 1925 1318 1990 17⁶

117 2017 232 2081 rodam
258 2017 385 2082 scilicet
411 2018 445 2083 in
470 2019 634 2085 Peselond
658 2021 744 2085 inter
768 2027 890 2085 terram
916 2021 1056 2103 predicti
1081 2020 1224 2103 Philippi

116 2143 162 2185 ex
192 2129 331 2206 vtraque
364 2132 467 2206 parte,
496 2133 531 2188 et
565 2125 700 2189 abuttat
734 2145 835 2209 super
864 2134 986 2190 terram
1021 2123 1159 2188 Walteri
1194 2124 1225 2188 le

118 2224 339 2307 Frankeleyn.
933 2227 1075 2293 Summa
1097 2227 1224 2290 eadem.

183 2328 366 2393 Nicholaus
382 2329 555 2395 Bercarius
571 2340 664 2396 tenet
678 2332 713 2395 in
730 2331 932 2397 Stonhilseld
948 2332 1001 2415 iij.
1017 2332 1125 2408 rodas,
1140 2332 1227 2394 inter

116 2445 239 2498 terram
261 2434 400 2517 predicti
422 2434 567 2520 Philippi
588 2436 622 2499 in
645 2436 810 2501 Peselond
831 2447 866 2502 et
886 2435 1224 2518 terram-Baldewyni

117 2537 160 2602 de
177 2537 330 2619 Romely,
342 2547 376 2601 et
388 2539 546 2604 abuttant
556 2559 657 2622 super
669 2550 792 2604 terram
809 2538 949 2604 Walteri
962 2541 993 2604 le
1007 2538 1224 2621 Frankeleyn.

119 2643 165 2706 Et
194 2641 283 2704 idem
315 2643 347 2706 N
352 2642 499 2707 icholaus
530 2654 622 2709 tenet
652 2643 778 2709 dictam
810 2653 932 2708 terram
963 2644 1006 2708 de
1037 2644 1169 2707 Thoma
1195 2643 1226 2706 le

119 2745 257 2827 Draper.

182 2850 354 2931 Johannes
371 2849 464 2914 Mille
480 2861 573 2916 tenet
588 2853 620 2915 in
639 2852 829 2936 Briggeseld
847 2851 900 2935 .iij.
918 2854 1015 2916 rodas
1031 2862 1116 2917 terre
1129 2853 1226 2916 iuxta

119 2964 239 3016 terram
257 2954 395 3036 predicti
414 2954 567 3038 Philippi,
582 2967 617 3019 et
632 2956 790 3020 abuttant
806 2977 906 3039 super
922 2956 1172 3022 Watlowedole.

183 3058 351 3122 Walterus
368 3059 536 3123 Mortelak
548 3069 642 3124 tenet
657 3061 690 3122 in
708 3060 913 3125 Holmisseld
926 3060 1100 3125 dimidiam
1114 3080 1224 3124 acram

120 3173 204 3226 terre
225 3163 258 3224 in
281 3161 470 3227 Stonimere
486 3164 571 3227 inter
591 3173 714 3228 terram
735 3165 875 3248 predicti
893 3164 1037 3247 Philippi
1055 3175 1088 3228 et
1104 3174 1224 3228 terram

122 3265 259 3330 Henrici
286 3266 454 3349 prepositi.
501 3266 596 3332 idem
622 3267 790 3332 Walterus
813 3279 905 3333 tenet
928 3271 961 3332 in
989 3289 1109 3352 campo
1135 3268 1224 3352 apud

121 3370 324 3434 Middelmor
353 3369 406 3453 .iij.
437 3369 536 3433 rodas
572 3371 658 3435 inter
686 3381 809 3436 terram
846 3372 985 3457 predicti
1019 3373 1161 3456 Philippi
1192 3383 1226 3436 et

120 3485 240 3538 terram
268 3473 418 3558 magistri
445 3474 594 3538 Walteri.
642 3475 738 3540 idem
768 3485 861 3540 tenet
892 3479 925 3540 in
956 3477 1074 3540 eodem
1106 3497 1226 3559 campo

120 3579 208 3661 apud
232 3579 349 3642 Tostes
369 3577 398 3662 .j.
418 3579 593 3644 dimidiam
614 3599 726 3643 acram
747 3581 845 3644 iuxta
868 3589 989 3644 terram
1015 3579 1159 3663 Philippi
1183 3579 1226 3643 de

122 3683 339 3765 Scyrebume.

185 3785 374 3850 Wilielmus
398 3784 485 3850 filius
511 3786 635 3869 Rogeri
662 3796 756 3851 tenet
779 3787 812 3849 in
838 3786 1027 3870 Briggeield
1051 3787 1103 3869 .iij.
1128 3787 1226 3851 rodas

121 3901 204 3954 terre
225 3891 311 3954 inter
326 3900 447 3955 terram
463 3891 544 3955 dicti
561 3891 706 3974 Philippi
722 3901 756 3955 et
772 3901 895 3954 terram
913 3893 1062 3974 magistri
1080 3891 1227 3968 walteri,

121 4007 153 4060 et
168 3996 324 4059 abuttant
339 4015 440 4078 super
455 3997 601 4061 Estmor.

185 4100 406 4184 Baldewynus
431 4100 578 4184 Dakeny
597 4109 690 4166 tenet
710 4102 764 4165 ix.
784 4121 878 4166 acras
897 4111 981 4164 terre
1005 4102 1037 4163 in
1060 4100 1227 4166 Churche-

122 4206 205 4272 croit
225 4206 311 4270 inter
330 4216 434 4270 terras
457 4207 607 4271 eiusdem
629 4204 824 4288 Baldewyni
848 4225 892 4269 ex
915 4214 1055 4288 vtraque
1078 4215 1172 4288 parte
1195 4215 1229 4268 et

122 4313 276 4376 abuttant
291 4331 392 4395 super
404 4310 546 4376 crottam
563 4311 696 4375 Thome
713 4309 837 4374 Haket.

186 4415 317 4498 Symon
338 4424 503 4480 mercator
523 4424 616 4480 tenet
637 4416 670 4478 in
694 4412 897 4478 Holmisfeld
913 4412 1004 4496 apud
1023 4412 1229 4496 Heldrestub
