3192 5067
134 348 183 448 11]
266 352 383 426 whose
396 354 524 450 preest
546 352 636 426 said
656 354 820 426 massin
847 352 907 427 tle
933 354 1116 450 Formery
1192 370 1238 443 97

190 536 336 593 Predictus
358 553 425 593 uero
444 536 611 611 G[alfridus]
630 539 791 609 capellanus
811 540 848 593 ob
866 539 1051 594 deuocionem
1069 553 1155 608 quam
1174 552 1242 607 erga
1256 546 1389 591 beent-or

134 640 187 679 nos
205 635 234 681 et
252 626 368 680 domum
386 636 512 681 nostram
531 627 617 682 habet
635 636 663 680 et
681 626 780 681 babuit
799 626 856 681 iam
875 643 910 681 ex
928 627 984 694 diu,
1001 636 1029 681 et
1047 642 1083 681 ne
1102 625 1139 679 ob
1157 622 1241 679 istam
1254 599 1394 700 ξιῆξρωῃι.

133 713 346 768 concessionem
372 714 473 769 domus
495 726 592 769 nostra
613 730 686 768 onus
707 714 844 769 sustineat
867 715 911 769 uel
933 730 1096 785 grauamen,
1117 711 1241 767 caritatis
1255 699 1369 792 ffi‘m'

134 799 236 854 intuitu
254 811 282 856 et
301 818 335 855 ex
353 818 431 857 mera
450 802 618 858 liberalitate
636 813 665 856 et
683 802 831 857 affectione
850 803 983 872 benigna,
1001 812 1114 857 centum
1130 816 1242 855 marcas

133 889 243 957 argenti
265 889 302 944 ad
323 899 412 945 terras
434 901 461 945 et
482 890 609 945 redditus
631 890 847 961 comparandos,
867 900 894 945 et
916 890 1039 961 quinque
1060 904 1141 965 acras
1161 898 1241 955 terre,

133 985 162 1030 et
181 994 315 1047 magnum
334 978 508 1047 mesuagium
527 995 610 1033 suum
628 995 692 1032 cum
712 977 831 1047 edificijs
851 979 879 1032 in
898 978 1054 1049 campiset
1072 977 1100 1031 in
1120 976 1187 1029 villa
1205 975 1241 1031 de

136 1064 314 1129 Bernewelle,
333 1064 415 1120 nobis
433 1065 511 1120 dedit
531 1075 560 1119 et
579 1065 728 1132 concessit,
744 1064 816 1121 sicut
834 1065 993 1121 continetur
1013 1065 1040 1119 in
1059 1074 1138 1120 carta
1154 1080 1240 1136 quarn

134 1150 171 1205 de
195 1150 258 1221 ipso
283 1149 435 1223 G[allrido]
458 1153 494 1208 de
519 1163 593 1207 terra
617 1163 645 1206 et
670 1152 817 1222 mesuagio
844 1152 1047 1223 prenominatis
1074 1167 1160 1221 penes
1188 1167 1240 1205 nos

134 1238 280 1294 habemus.
318 1240 558 1309 Recognoscimus
586 1240 676 1295 eciam
701 1256 753 1295 nos
778 1241 904 1296 vnanimi
928 1240 1046 1295 consilio
1071 1250 1097 1295 et
1122 1256 1240 1295 assensu

134 1328 308 1384 sentenciam
339 1328 643 1385 excommunicacionis
670 1330 768 1385 tulisse
798 1330 828 1384 in
856 1347 953 1384 omnes
978 1328 1026 1400 qui
1051 1328 1241 1383 fraudulenter

133 1426 163 1472 et
187 1419 264 1473 malo
284 1419 370 1473 modo
392 1418 427 1473 de
449 1418 602 1488 supradicti
624 1417 762 1488 capellani
787 1417 944 1473 cxibicione
969 1416 1164 1471 subtraxerint.
1203 1416 1239 1469 Et

134 1506 281 1561 sciendum
305 1506 381 1577 quod
407 1506 578 1576 Capelianus
603 1505 650 1574 qui
676 1521 726 1574 pro
751 1514 878 1574 tempore
903 1504 955 1558 crit
979 1521 1029 1574 pro
1051 1502 1240 1575 disPOsicione

136 1594 239 1648 Prioris
249 1594 336 1649 nostri
349 1594 397 1667 qui
410 1611 461 1665 pro
474 1603 601 1664 tempore
609 1593 691 1648 suerit
701 1603 821 1663 ponetur
831 1595 875 1647 uel
888 1592 1071 1660 amouebitur‚
1083 1591 1107 1646 si
1116 1590 1239 1645 officium

134 1698 218 1737 suum
241 1684 351 1754 explere
376 1700 434 1738 non
458 1684 556 1754 possit,
575 1692 603 1736 et
627 1683 699 1737 alius
724 1682 917 1748 substituatur,
937 1680 1092 1736 secundum
1114 1679 1240 1734 eiusdem

136 1766 240 1823 Prioris
253 1768 442 1840 prouisionem
455 1780 483 1823 et
495 1771 677 1824 uoluntatem.
720 1769 758 1823 Et
772 1769 799 1822 in
813 1768 896 1822 huius
909 1767 948 1823 rei
962 1766 1154 1821 testimonium
1166 1776 1218 1819 etc.

286 2003 337 2065 42.
381 1983 434 2049 De
454 1986 577 2049 duobus
597 1986 675 2069 alijs
695 1985 912 2050 sacerdotibus
926 1984 1095 2067 perpetuis.

202 2139 280 2202 Duo
306 2138 440 2221 insuper
466 2140 654 2202 sacerdotes
681 2148 759 2202 sunt
786 2139 1017 2222 inperpetuum
1046 2136 1240 2201 celebraturi
1256 2151 1400 2254 {inilicim

136 2244 169 2305 in
196 2242 323 2327 capella
353 2243 592 2307 Elemosinarie
618 2244 660 2307 de
689 2242 909 2307 Bemewelle:
939 2261 1024 2304 vnus
1047 2262 1108 2324 pro
1130 2241 1242 2305 anima
1256 2252 1406 2345 fflffi?

136 2344 268 2410 Thome
297 2347 430 2427 Tuylet,
460 2356 493 2410 et
523 2346 607 2410 alius
638 2368 698 2430 pro
725 2348 837 2410 anima
864 2344 938 2427 Acij
970 2344 1077 2421 Frere,
1100 2365 1241 2427 quorum
1257 2351 1400 2445 ggpgotrhe

137 2470 275 2533 corpora
301 2451 506 2533 sepeliuntur
532 2451 565 2513 in
591 2451 709 2514 eadem
736 2449 872 2533 capella.
922 2448 981 2512 llle
1007 2448 1112 2512 Acius
1144 2448 1242 2512 Frere
1255 2452 1344 2545 3¹:1³st
1354 2452 1382 2495 οἱ

136 2554 204 2616 suis
237 2553 425 2637 sumptibus
459 2554 621 2637 capellam
657 2554 764 2637 ipsam
799 2552 981 2628 fabricauit,
1012 2563 1045 2617 et
1075 2563 1178 2617 terras
1209 2553 1376 2645 etfflgg‘y

136 2660 256 2723 domos
271 2660 437 2722 canonicis
453 2668 487 2723 et
502 2658 616 2722 domui
635 2659 876 2723 Elemosinarie
891 2659 991 2722 dedit.
1031 2656 1243 2741 Quapropter
1256 2653 1362 2746 ’τοζξξθῑ

138 2763 397 2826 Elemosinarius
424 2765 603 2846 respondet
630 2764 660 2825 ei
687 2784 746 2845 per
772 2784 896 2826 annum
920 2763 963 2827 de
986 2762 1014 2845 .j.
1039 2783 1159 2838 marca,
1182 2754 1348 2847 sedffffi‘

137 2866 321 2930 corredium
343 2888 438 2930 suum
461 2867 629 2950 percipere
648 2867 821 2930 consueuit
837 2868 879 2930 de
895 2866 1027 2930 cellario
1043 2877 1077 2930 et
1092 2867 1242 2948 coquina.
1258 2856 1339 2897 Μ’·

137 2969 286 3033 Thomas
313 2970 437 3053 Tuylet
463 2969 557 3033 dedit
583 2971 751 3034 canonicis
778 2970 957 3053 sexaginta
984 2991 1076 3033 acras
1099 2978 1185 3033 terre
1209 2969 1241 3031 in

137 3075 264 3157 campis
285 3073 507 3157 Cantebrlgie,
523 3085 557 3138 et
572 3075 692 3138 domos
708 3084 742 3137 et
758 3074 907 3138 redditus
927 3076 959 3136 in
979 3074 1105 3137 eadem.
1152 3074 1242 3159 Qua-

138 3186 272 3259 propter
302 3162 493 3259 capellanus
520 3176 589 3240 eius
612 3177 640 3259 .j.
665 3196 811 3240 marcam
839 3198 897 3261 per
923 3198 1047 3241 annum
1076 3180 1244 3261 percipere

138 3282 319 3359 consueuit,
341 3292 374 3345 et
397 3282 581 3345 corredium
606 3281 648 3346 de
671 3282 850 3345 communi.

225 3530 276 3594 43.
319 3512 372 3576 De
395 3512 565 3596 Capellano
586 3513 742 3597 magistri
766 3512 899 3578 Roberti
918 3512 957 3576 de
978 3510 1145 3576 Fulburne.

205 3668 367 3750 Magister
389 3668 556 3732 Robertus
576 3671 620 3733 de
641 3668 811 3732 Fulburne
829 3667 923 3731 dedit
941 3666 1109 3730 canonicis
1124 3666 1244 3729 domos
1257 3680 1373 3773 pergae·

110 3830 116 3842 .
139 3771 288 3855 lapideas
304 3771 336 3833 in
354 3770 568 3854 Cantebrigia
579 3793 623 3836 ex
636 3772 793 3855 opposito
804 3771 941 3835 ecclesie
954 3772 1058 3835 sancti
1071 3769 1243 3853 sepulchri,
1257 3779 1351 3873 {coperit
1359 3830 1388 3873 or

138 3883 175 3938 vt
212 3873 390 3938 canonicus
427 3894 512 3937 unus
549 3895 611 3957 pro
647 3895 689 3938 eo
721 3874 902 3938 celebraret
939 3875 1180 3957 inperpetuum,
1211 3882 1244 3937 et
1258 3881 1407 3974 iiiiii&

139 3980 323 4064 assignauit
358 3980 546 4061 Johannem
585 3982 628 4045 de
664 3979 833 4043 Fulburne
869 3978 972 4043 filium
1007 3978 1166 4043 Willelmi
1202 3976 1409 4073 delgssgffiggl

140 4083 295 4149 Kerbrolr
320 4084 364 4148 ad
390 4083 624 4148 celebrandum
652 4104 713 4168 pro
738 4105 779 4147 eo
809 4085 945 4167 quando
974 4083 1180 4147 ordinaretur
1210 4082 1242 4145 in
1258 4080 1409 4173 Qum

139 4189 356 4253 sacerdotem.
402 4188 539 4251 Mortuo
562 4188 661 4272 igitur
687 4188 805 4252 eodem
836 4186 998 4270 Magistro
1028 4186 1176 4251 Roberto
1202 4186 1245 4250 de
1259 4181 1407 4300 paruisse.

141 4293 309 4357 Fulborne
338 4300 373 4356 et
398 4293 531 4375 sepulto
556 4314 665 4357 coram
693 4292 790 4357 altari
817 4292 923 4356 sancti
955 4290 1145 4374 Augustini,
1172 4310 1244 4374 pre·
1269 4266 1320 4314 '³⁵

137 4398 248 4469 dictus
274 4398 445 4481 Johanncs
473 4400 517 4468 de
542 4398 709 4467 Fulburne
735 4398 881 4485 suscepit
907 4396 1058 4462 habitum
1084 4394 1244 4471 canonici,

220 4536 247 4581 s·
606 4532 607 4535 ¹
1147 4532 1162 4594 7
