3192 5067
669 338 881 412 November

345 560 480 637 Scorpim
499 566 542 620 est
560 562 680 636 quintus
700 567 785 637 atque
805 562 909 620 tercius
928 566 972 619 est
989 578 1050 618 nece
1067 558 1180 618 cinctus.

348 659 489 720 Octouam
509 660 564 719 dat
580 662 685 735 quinta
705 661 764 721 dt'es
783 666 813 719 et
829 660 916 719 tercio
936 660 1077 735 quintam.

166 917 177 955 1
296 899 317 958 d
359 811 506 964 KL
543 898 722 961 Novembris
763 898 933 971 besttoitos
949 895 1073 958 omnium
1095 900 1265 961 scotoma.
1302 890 1405 972 pontt

623 996 686 1074 psit
706 995 729 1057 f.

162 1112 178 1151 2
220 1092 269 1170 xiij
298 1114 315 1154 e
364 1093 405 1172 iiij
422 1097 500 1156 Non.
537 1094 640 1155 Sancti
661 1094 814 1155 Eustachii
834 1094 1044 1169 sociorumque
1057 1091 1128 1153 eius
1169 1089 1200 1167 iij
1215 1090 1325 1151 lecum
1342 1088 1406 1149 ixa

620 1204 650 1253 et
665 1192 695 1252 ix
709 1212 752 1270 ps
796 1194 907 1269 Inopi!
918 1191 1096 1251 embolismus
1108 1189 1236 1265 quintus.

162 1308 180 1364 3
249 1288 270 1365 ij
307 1291 322 1349 s
377 1288 408 1367 iij
425 1292 504 1350 Non.

161 1406 180 1459 4
297 1408 317 1465 g
386 1388 405 1466 ij
423 1390 504 1449 Non.

163 1500 180 1561 5
253 1506 272 1544 x
289 1488 318 1545 A
423 1489 504 1547 Non.

162 1586 180 1643 6
296 1584 316 1644 b
353 1583 402 1662 viij
421 1587 466 1646 Id.
540 1586 642 1646 Sancti
663 1585 797 1648 leonardi
819 1584 946 1647 abbatis.
989 1584 1019 1644 ix
1040 1586 1075 1643 ic

164 1680 317 1759 yxviijc
365 1682 404 1759 vij
421 1684 466 1744 Id.

163 1780 181 1837 8
230 1779 316 1856 vijd
372 1782 400 1857 vj
418 1782 463 1840 Id.
538 1782 715 1841 Sanctorum
736 1791 867 1858 quatuor
887 1791 1099 1842 coronatorum
1120 1778 1151 1856 iij
1174 1780 1210 1839 lc.

163 1899 181 1955 9
300 1897 317 1938 e
385 1899 404 1938 v
419 1878 464 1938 Id.
540 1879 643 1940 Sancti
664 1877 820 1940 Theodori
839 1875 974 1937 martiris.
1018 1874 1048 1936 ix
1067 1878 1104 1937 lc.

143 1995 181 2035 10
232 1995 269 2033 xv
305 1977 319 2035 s
360 1974 401 2053 iiij
418 1976 464 2035 ld.
538 1974 645 2045 §antii
665 1973 804 2050 §hittoni
826 1972 922 2057 [pope]
942 1982 970 2036 o
991 1972 1126 2040 omitit.
1169 1973 1197 2035 ix
1218 1971 1252 2035 it.

144 2094 178 2133 11
231 2072 319 2151 iiijg
375 2073 406 2152 iij
423 2074 468 2135 Id.
542 2074 644 2137 Sancti
666 2074 788 2137 Martini
811 2074 946 2153 episcopi
968 2085 998 2136 et
1019 2071 1205 2136 confessoris.
1249 2074 1294 2131 D*
1314 2073 1334 2130 s.

142 2192 178 2231 12
288 2174 317 2231 A
384 2172 404 2249 ij
420 2172 466 2233 Id.

143 2289 179 2345 13
232 2267 318 2347 xijb
424 2270 497 2331 Idus
542 2272 643 2333 Sancti
666 2270 743 2331 Brici
764 2270 901 2350 episcopi
922 2282 953 2332 et
972 2267 1161 2331 confossoris
1202 2268 1236 2329 ix
1257 2271 1293 2329 lc.

144 2388 181 2442 14
263 2366 402 2447 icxviij
419 2370 488 2429 Kal.
512 2372 585 2431 Dec.

143 2484 178 2545 ¹5
296 2465 401 2545 dxvij
419 2470 486 2528 Kal.
539 2468 640 2529 Sancti
662 2467 778 2529 Macuti
801 2466 936 2545 episcopi
957 2478 987 2527 et
1008 2465 1193 2529 confessoris
1236 2464 1267 2525 ix
1288 2466 1324 2526 lc.

145 2569 181 2626 16
244 2566 317 2627 ixe
351 2568 400 2644 xvj
418 2568 486 2627 Kal.
540 2563 647 2636 §tutti
662 2565 826 2628 etonunot
840 2561 1063 2629 &summoto
1078 2560 1288 2641 nttbttpistopi.
1325 2563 1353 2626 ix
1369 2562 1403 2624 it.

143 2680 178 2739 17
306 2667 320 2724 t
363 2686 401 2725 xv
417 2666 485 2725 Kal.
539 2661 646 2732 §catti
660 2662 799 2737 tationis
815 2661 939 2743 episcopi
952 2674 979 2725 tt
994 2660 1180 2729 tontessotts.
1218 2661 1245 2724 {1
1265 2662 1299 2726 it.
1341 2662 1404 2736 §ol

620 2761 649 2824 tn
672 2759 832 2838 sagittatio.

143 2863 180 2919 18
211 2860 268 2935 xvij
296 2880 316 2937 g
341 2857 400 2937 xiiij
418 2861 486 2921 Kal.
541 2862 607 2921 Oct
625 2860 720 2921 sancti
737 2860 868 2921 Martini.
911 2859 942 2938 iij
963 2862 992 2921 lc
1012 2879 1082 2921 cum
1103 2859 1133 2919 ix
1153 2868 1173 2920 a
1193 2872 1222 2921 et
1243 2859 1273 2920 ix
1292 2879 1335 2937 ps.

144 2977 180 3034 19
241 2959 316 3034 vJ'A
352 2956 401 3034 xiij
419 2958 487 3017 Kal.

143 3076 181 3113 2ο
297 3059 316 3117 b
360 3054 399 3133 xij
418 3056 485 3115 Kal.
539 3053 647 3123 §aneti
667 3053 834 3118 &annunti
854 3052 949 3132 Regis
970 3067 997 3118 tt
1018 3051 1157 3119 mantne.
1200 3052 1245 3116 Ξῖ
1265 3053 1289 3115 f.

143 3274 179 3314 22
239 3253 315 3329 iijd
384 3253 486 3313 xKal.
539 3252 651 3323 scotto
673 3249 779 3313 outo
801 3250 921 3330 uitgtnts
943 3262 970 3315 tt
992 3250 1129 3317 mantnt.
1173 3251 1333 3313 Commune
1354 3251 1377 3311 t.

144 3368 180 3425 2³
300 3369 317 3410 e
372 3347 484 3407 ixKal.
538 3346 647 3416 §ancti
666 3347 829 3413 commeo
851 3364 920 3425 pope
941 3359 967 3408 tt
987 3344 1127 3412 ιιιετίίτίῡ.
1169 3345 1374 3409 Commouet.

143 3468 180 3521 24
239 3449 267 3523 xj
304 3449 318 3505 s
352 3445 402 3523 viij
419 3447 488 3507 Kal.
542 3445 645 3507 Sancti
667 3444 827 3523 Grisogoni
848 3445 981 3506 martiris
1023 3445 1054 3522 iij
1076 3446 1113 3505 lc.

142 3563 178 3625 25
223 3545 269 3606 xix
297 3566 315 3623 g
360 3543 400 3622 vij
417 3547 484 3605 Kal.
538 3542 998 3624 §attonitosattonitos
1020 3542 1158 3609 matitin-
1199 3543 1245 3607 1¹
1266 3544 1289 3606 f.

141 3650 179 3705 26
288 3646 317 3703 A
371 3644 400 3721 vj
417 3645 485 3703 Kal.
863 3645 868 3655 '

141 3760 177 3819 27
220 3742 316 3819 viijb
384 3744 485 3804 vKal.
539 3744 610 3804 Post
629 3752 728 3805 temes
747 3765 840 3804 nonos
860 3764 908 3804 nec
924 3746 1031 3821 quinos
1051 3751 1118 3804 ante
1138 3745 1299 3805 Kalendas.

141 3846 179 3903 28
296 3861 313 3900 c
357 3840 399 3919 iiij
416 3843 483 3901 Kal.
537 3844 706 3904 Admotum
726 3846 839 3904 domini
856 3865 914 3904 non
933 3852 976 3904 est
993 3845 1132 3903 celebrere
1151 3844 1307 3904 decembn's.

140 3962 178 4019 29
218 3940 314 4018 xvjd
369 3938 399 4016 iij
417 3942 485 4002 Kal.
538 3942 640 4003 Sancti
662 3943 813 4005 Saturnini
834 3942 967 4004 martiris
1012 3941 1042 4019 iij
1065 3943 1101 4002 ic.
1146 3941 1252 4021 vigilia

137 4060 177 4117 30
252 4058 315 4099 ve
377 4037 397 4116 ij
414 4040 483 4101 Kat
537 4039 647 4110 §ancti
666 4040 777 4103 §nont
798 4037 923 4119 apostoli
943 4038 1094 4119 pttntiptle
1114 4039 1146 4100 f'.

343 4198 416 4257 Nox
436 4198 520 4257 babet
538 4199 627 4260 horos
647 4201 708 4277 xvj.
751 4202 827 4261 Dies
846 4201 909 4278 oiej.

347 4298 506 4356 November
524 4298 609 4357 hebet
626 4300 687 4359 dies
706 4319 781 4359 xxx.
826 4301 915 4359 Luna
935 4320 1008 4358 xxx.
