3192 5067
155 330 203 432 11]
600 333 814 408 Chcsterton
1218 354 1261 427 77

153 519 279 590 prelatus
297 521 381 575 Pater
396 529 493 575 noster
511 520 571 573 Rex
587 519 733 589 Johannes
749 530 816 575 ante
836 519 1050 576 concessionem
1068 528 1097 574 et
1117 518 1264 574 confirma-

153 608 266 663 cionem
290 625 371 662 suam
395 606 437 663 eis
461 607 567 663 iactam
592 607 628 663 de
648 608 775 677 predicto
796 607 924 664 manerio
946 607 982 663 de
1005 608 1171 663 Cestertone
1193 605 1266 662 sicut

153 696 311 766 predictum
341 705 386 751 est
413 696 455 749 eis
484 705 663 751 concesserat
691 696 840 751 annuatim
871 696 908 751 de
936 695 1093 752 elemosina
1123 712 1174 750 sua
1204 712 1264 767 per-

152 782 299 855 cipiendis

207 872 408 927 Concessimus
423 872 513 927 eciam
531 889 583 943 pro
600 871 683 928 nobis
695 882 723 928 et
736 874 888 929 heredibus
902 872 1006 928 nostris
1019 873 1095 945 quod
1107 872 1265 929 manerium

153 962 311 1032 predictum
324 962 360 1016 de
370 963 536 1017 Cestertone
548 962 744 1033 inperpetuum
757 963 793 1017 sit
806 963 933 1033 quietum
946 964 982 1017 de
992 962 1053 1018 visu
1067 960 1157 1016 iranlri
1171 962 1264 1032 plegij.

155 1052 250 1121 Quare
267 1050 397 1104 volumus
410 1061 438 1104 et
454 1050 570 1104 firmiter
585 1049 756 1121 precipimus
773 1051 850 1120 quod
867 1050 986 1121 predicti
1003 1050 1083 1104 Prior
1094 1058 1122 1103 et
1135 1049 1264 1105 canonici

153 1140 278 1194 habeant
296 1149 324 1194 et
342 1147 458 1194 teneant
476 1138 631 1209 predictam
644 1139 741 1193 villam
761 1139 797 1194 de
817 1140 983 1195 Cestertone
1001 1140 1073 1194 bene
1091 1148 1119 1193 et
1138 1138 1167 1192 in
1186 1154 1264 1209 pace,

152 1229 240 1283 libere
252 1237 281 1282 et
293 1227 395 1297 quiete,
405 1228 514 1296 integre
526 1228 652 1296 plenarie
662 1238 689 1282 et
699 1228 863 1294 honorilice,
873 1245 937 1283 cum
947 1227 1079 1283 omnibus
1089 1226 1265 1283 libertatibus
1279 1229 1295 1278 l.
1309 1242 1339 1292 ²7

152 1326 182 1370 et
199 1314 295 1370 liberis
314 1313 566 1369 consuetudinibus
585 1314 643 1368 suis
662 1315 787 1385 quietam
806 1315 835 1369 in
854 1324 1020 1385 perpetuum
1039 1315 1075 1369 de
1092 1314 1154 1368 visu
1173 1312 1264 1368 franki

152 1402 238 1475 plegii
257 1402 330 1459 sicut
347 1403 506 1473 predictum
524 1412 575 1457 est.

209 1492 274 1547 Hiis
304 1492 423 1546 testibus
454 1500 506 1546 etc.
539 1492 648 1547 Datum
675 1509 726 1562 per
756 1508 872 1546 manum
903 1491 1072 1547 venerabilis
1106 1489 1194 1561 patris
1230 1491 1262 1543 R

153 1580 338 1638 Cicestrensis
364 1580 515 1651 Episcopi¹
539 1592 567 1637 et
589 1582 757 1638 Cancellarii
783 1581 872 1636 nostri
896 1579 1096 1636 terciodecimo
1121 1579 1167 1634 die
1191 1579 1262 1647 Maij

60 1697 64 1706 ·
154 1688 230 1726 anno
246 1670 324 1741 regni
344 1670 433 1725 nostri
451 1669 659 1726 terciodecimo.

207 1760 271 1813 Nos
301 1769 396 1815 autem
430 1758 645 1814 concessionem
675 1770 703 1815 et
733 1759 982 1815 confinnacionem
1015 1758 1157 1830 predictas
1188 1766 1264 1813 ratas

153 1848 292 1902 habentes
307 1858 336 1903 et
352 1857 447 1917 gratas
464 1865 513 1904 eas
530 1866 581 1919 pro
598 1849 681 1903 nobis
697 1859 725 1904 et
743 1849 895 1905 heredibus
912 1849 1014 1904 nostris
1027 1848 1161 1920 predictis
1175 1848 1263 1903 Priori

153 1944 181 1990 et
198 1936 343 1992 canonicis
360 1947 388 1991 et
405 1937 615 1993 successoribus
634 1937 693 1992 suis
714 1938 897 1993 concedimus
915 1947 944 1992 et
963 1938 1171 2005 confirmamus,
1191 1937 1263 1993 sicut

153 2033 232 2078 carta
249 2025 377 2095 predicta
394 2024 601 2080 racionabiliter
619 2035 745 2080 testatur.
784 2026 850 2095 Hijs
866 2026 987 2081 testibus
1003 2035 1055 2080 etc.
1094 2026 1200 2080 Datum
1214 2042 1264 2095 per

153 2128 269 2167 manum
291 2121 417 2167 nostram
439 2114 515 2183 apud
533 2114 819 2168 westmonasterium
838 2114 1008 2169 duodecimo
1026 2114 1073 2169 die
1093 2114 1169 2183 Junij
1187 2130 1263 2168 anno

155 2200 245 2270 Regni
265 2200 352 2256 nostri
371 2200 577 2256 terciodecimo.

240 2399 269 2462 6.
315 2397 511 2462 Inrotulacr‘o
533 2398 581 2461 ad
600 2397 808 2463 Scaccarium
831 2400 870 2464 de
891 2400 1031 2483 quinque
1052 2402 1172 2467 marcis

347 2504 464 2569 solutis
477 2517 541 2588 pro
562 2506 805 2591 confirmacione
827 2504 865 2569 de
889 2504 1072 2572 Cestertone.

221 2676 260 2738 In
291 2695 416 2758 magno
444 2675 571 2739 Rotulo
595 2697 684 2741 anno
710 2678 947 2742 terciodecimo
972 2679 1074 2761 Regis
1104 2680 1261 2746 Edwardi
1276 2675 1418 2768 ξξξξζξξξ

152 2780 341 2843 continetur
365 2782 455 2863 quod
484 2780 574 2844 Prior
599 2782 642 2845 de
667 2781 869 2846 Bernewelle
895 2783 1041 2847 reddidit
1067 2796 1261 2870 compotum
1275 2776 1427 2878 ffffi'effi

152 2886 196 2949 de
218 2886 366 2967 quinque
393 2885 513 2949 marcis
533 2906 618 2969 quas
640 2886 724 2969 Regi
745 2886 863 2952 debuit
883 2888 926 2952 de
946 2888 1012 2951 fine
1033 2909 1094 2971 pro
1114 2890 1260 2973 quadam
1276 2875 1409 2968 ξζξὸζὲἧξξ

152 2989 411 3054 confirmacione
437 2989 601 3055 habenda.
649 2990 687 3053 ln
715 2990 874 3057 thesauro
900 2991 1053 3058 liberauit
1074 3002 1108 3059 et
1129 2996 1261 3078 quietus
1276 2976 1390 3078 ssssff'g‘*

153 3102 213 3159 est
1277 3076 1422 3205 Pecf'laber.

206 3267 381 3324 Eadwardus
406 3267 452 3323 dei
479 3267 576 3337 gracia
598 3278 651 3324 etc.
689 3267 857 3324 Vicecomiti
881 3269 1109 3340 cantabrigiensi
1134 3271 1262 3327 salutem

154 3357 235 3413 Scias
247 3356 324 3428 quod
342 3356 421 3411 Prior
433 3357 469 3412 de
483 3357 653 3413 Bernewelle
665 3358 777 3428 quietus
789 3367 833 3412 est
846 3357 883 3412 ad
896 3358 1069 3414 scaccarium
1087 3370 1215 3415 nostrum
1228 3360 1264 3415 de

151 3446 277 3517 quinque
293 3445 397 3501 marcis
413 3462 484 3516 quas
501 3446 584 3500 nobis
600 3445 698 3501 debuit
710 3445 748 3501 de
765 3445 822 3501 line
834 3463 886 3517 pro
903 3447 1028 3517 quadam
1045 3446 1263 3503 confirmacione

152 3535 292 3591 habenda
337 3536 376 3590 Et
404 3532 469 3589 ideo
496 3534 548 3589 tibi
578 3534 748 3605 precipimus
772 3536 850 3605 quod
877 3534 913 3590 de
937 3533 1097 3591 demanda¹
1121 3552 1207 3606 quarn
1236 3537 1262 3593 ei

152 3624 223 3680 iacis
239 3625 276 3680 de
292 3623 426 3694 predictis
442 3622 566 3679 denariis
582 3622 609 3679 ei
626 3641 727 3695 pacem
744 3625 849 3680 habere
860 3624 1015 3696 permittas.
1054 3625 1091 3681 Et
1103 3626 1200 3681 aueria
1211 3643 1263 3682 sua

152 3711 175 3768 si
193 3728 251 3784 qua
266 3712 375 3784 ceperis
390 3712 541 3769 occasione
556 3712 684 3783 predicta
701 3713 727 3767 ei
744 3712 890 3768 deliberes.
927 3715 1014 3769 Teste
1025 3714 1050 3784 J.
1063 3713 1099 3768 de
1116 3713 1262 3770 Cobcham

152 3802 230 3871 apud
238 3800 523 3856 westmonasterium
532 3840 539 3854 .
549 3809 616 3868 11J0.
627 3799 674 3856 die
688 3800 856 3856 Decembris
866 3818 942 3856 anno
954 3801 1034 3871 regni
1044 3802 1118 3871 regis
1129 3802 1262 3859 Edwardi

150 3896 230 3944 .XV⁰.

374 4035 383 4068 ¹
402 4035 486 4101 Ralph
498 4034 607 4097 Nerille,
620 4034 660 4100 Bp
671 4034 701 4085 ol
709 4034 857 4086 chichester
871 4049 1040 4099 rao4—rs45.

371 4117 382 4149 ²
397 4119 483 4169 mand'
499 4119 556 4171 MS.
