3192 5067
354 319 425 390 312
631 298 794 372 Tenants
821 297 861 370 in
897 293 1161 394 Whitllesforu'
1347 293 1475 394 [Boou

352 483 486 569 proprio
501 503 676 567 perunum
691 485 791 548 diem.
835 483 880 548 Et
896 484 922 547 si
940 483 1031 548 Prior
1047 481 1109 547 sibi
1125 481 1347 546 associauerit
1364 499 1473 544 vnum

353 585 522 654 hominem
542 597 578 654 et
597 608 700 652 vnum
722 607 857 672 equum,
872 599 951 654 tunc
974 588 1114 652 cariabit
1137 607 1195 670 per
1214 585 1303 650 duos
1326 586 1411 648 dies
1434 585 1473 648 ad
1569 639 1570 642 ,

353 693 465 757 cibum
480 693 608 757 domini
626 692 754 757 Prioris.
1569 701 1570 784 ζ

418 799 588 881 Johannes
615 797 697 864 Scot
723 809 816 864 tenet
841 799 1011 882 quoddam
1039 817 1179 882 paruum
1206 797 1365 860 clausurn
1392 816 1471 860 cum
1569 855 1570 860 ,

353 902 467 979 domo,
482 913 516 968 et
532 903 642 968 reddit
657 923 857 988 perannum
874 903 974 986 ‚xviij.
990 901 1152 968 denarios.

901 1007 1042 1074 Summa
1057 1026 1122 1072 .xv.
1138 1004 1235 1070 solidi
1250 1001 1303 1086 .vj.
1318 1003 1470 1086 denarij.

1042 1111 1183 1178 Summa
1197 1129 1374 1194 caponum
1392 1110 1472 1192 ,viij.

635 1216 777 1283 Summa
792 1217 909 1295 tocius,
924 1215 1030 1298 ,xxiii
1046 1216 1142 1281 solidi
1160 1213 1234 1296 ,viii
1250 1213 1398 1298 denarij,
1415 1217 1469 1279 ob.

417 1386 554 1452 Solucio
569 1384 719 1450 redditus
741 1386 784 1450 de
802 1385 1080 1470 Dryedraytone:

417 1525 561 1607 Johanui
577 1524 621 1589 de
635 1525 778 1592 Camera
792 1523 836 1588 ad
852 1526 937 1589 duos
949 1523 1027 1588 anni
1043 1523 1202 1589 terminos
1214 1544 1282 1587 .xx.
1295 1522 1468 1589 denarios

419 1631 464 1696 Et
499 1631 543 1696 ad
578 1629 742 1694 auxilium
779 1629 984 1694 vicecomitis
1021 1629 1064 1694 ad
1101 1628 1187 1694 duos
1221 1627 1388 1692 terminos
1424 1653 1468 1693 .x.

352 1735 507 1800 denarios
529 1735 582 1800 ob.

419 1837 566 1904 Radullo
582 1837 710 1904 Gill'ard
726 1837 754 1922 .j.
770 1837 954 1903 denarium.

420 1943 567 2008 Henrico
583 1942 712 2025 Wyhot
727 1941 768 2024 ij.
784 1941 948 2006 denarios

851 2056 993 2120 Summa
1007 2053 1049 2138 .ij.
1064 2051 1161 2118 solidi
1177 2051 1232 2118 .ix.
1249 2051 1366 2116 denari
1368 2053 1393 2135 j,
1408 2053 1465 2117 ob.

614 2359 662 2422 26.
718 2356 911 2437 Witkssord
928 2355 1198 2440 (Whietlessora).

187 2532 206 2582 f.
221 2534 290 2595 ,μὴ
404 2521 561 2576 Edwardus
573 2519 619 2574 dei
632 2519 730 2590 gracia
742 2529 794 2575 etc.
809 2517 966 2573 vicecomiti
982 2518 1163 2590 cantebrigie
1176 2519 1303 2574 salutem.

188 2624 313 2675 rim-1290
404 2610 477 2672 Cum
509 2607 680 2663 laurencius
712 2607 791 2662 Prior
822 2607 967 2678 quondam
994 2607 1030 2662 de
1061 2607 1232 2662 Bernewelle
1259 2605 1462 2677 (predecessor

351 2697 484 2763 Syrnonis
499 2695 535 2750 de
551 2695 667 2750 Asseles
686 2711 761 2748 nunc
782 2691 910 2766 Priorsis]
927 2694 964 2749 de
984 2692 1165 2760 Bernewelle)
1182 2709 1232 2762 per
1247 2703 1356 2747 cartam
1374 2711 1460 2748 suam

349 2782 495 2837 ieoiauerit
521 2781 698 2852 Stephanum
723 2781 749 2834 le
772 2781 873 2835 Chanu
898 2781 935 2836 de
959 2780 1049 2836 sexies
1071 2779 1170 2850 viginti
1195 2777 1267 2834 acris
1293 2789 1365 2834 terre
1391 2797 1459 2835 cum

349 2869 530 2940 pertinencijs
547 2869 576 2925 in
593 2869 766 2936 Witlesiord‚
782 2868 930 2924 habendas
946 2878 974 2923 et
993 2869 1132 2924 tenendas
1150 2867 1243 2924 eidem
1261 2869 1409 2939 Stephano
1427 2881 1457 2923 et

349 2957 500 3012 heredibus
512 2957 571 3011 suis
583 2957 619 3010 de
635 2957 745 3027 prelato
759 2955 855 3012 Priore
872 2965 900 3012 et
916 2956 1126 3012 successoribus
1140 2957 1198 3011 suis
1215 2973 1266 3026 pro
1283 2957 1457 3028 quibusdam

348 3045 432 3099 certis
461 3045 587 3114 seruicijs
611 3044 745 3114 predictis
771 3044 860 3099 Priori
884 3055 913 3098 et
937 3044 1147 3100 successoribus
1172 3043 1230 3098 suis
1256 3044 1456 3116 inperpetuum

347 3132 501 3196 iaciendis3
522 3134 564 3186 Ac
583 3132 742 3187 Willelmus
764 3132 790 3185 le
810 3133 910 3186 Chanu
930 3131 1003 3186 lilius
1024 3141 1053 3187 et
1074 3131 1155 3186 heres
1175 3131 1294 3203 predicti
1315 3133 1456 3203 Stephani

347 3220 441 3289 plures
462 3229 611 3275 extraneos
632 3222 668 3276 de
693 3231 753 3276 tota
777 3221 904 3290 predicta
927 3229 1003 3275 terra
1026 3221 1217 3291 particulatim
1238 3221 1385 3277 leolauerit
1406 3223 1455 3293 qui

347 3307 456 3377 prelato
475 3305 563 3361 Priori
581 3307 706 3376 predicta
726 3307 846 3362 seruicia
863 3325 915 3362 sua
932 3307 1024 3363 iacere
1041 3309 1247 3378 contradicunt,
1262 3319 1289 3364 et
1303 3326 1373 3381 quos
1392 3326 1455 3380 pre·

346 3395 440 3450 dictus
459 3395 538 3448 Prior
554 3410 605 3464 pro
622 3393 756 3465 predictis
774 3393 900 3463 seruicijs
916 3395 945 3449 in
965 3395 1049 3450 certis
1068 3395 1137 3451 locis
1155 3395 1227 3450 inira
1242 3395 1356 3452 feodum
1369 3415 1455 3452 suurn

346 3482 454 3537 ibidem
471 3480 641 3550 distringere
657 3497 714 3536 non
731 3491 844 3552 potest:
863 3482 991 3552 eoquod
1008 3483 1045 3537 de
1062 3483 1168 3538 tenuris
1182 3481 1240 3539 suis
1253 3483 1455 3540 certitudinem

345 3588 403 3626 non
420 3570 514 3636 habet,
527 3570 600 3624 sicut
616 3587 651 3624 ex
665 3571 780 3641 querela
792 3570 910 3640 predicti
925 3571 1028 3626 Prioris
1044 3574 1226 3642 accepirnus3
1248 3575 1309 3628 Nos
1327 3575 1453 3628 eundem

347 3659 472 3714 Priorem
489 3667 627 3728 quantum
644 3658 680 3712 de
698 3657 757 3712 iure
770 3657 924 3728 poterimus
937 3658 1034 3714 iuuare
1047 3659 1174 3714 uolentes
1187 3659 1215 3713 in
1229 3660 1283 3715 hac
1297 3671 1384 3730 parte,
1400 3661 1450 3716 tibi

345 3747 516 3818 precipimus
537 3747 615 3818 quod
636 3759 719 3802 caute
739 3757 768 3802 et
790 3747 995 3816 circumspecte
1017 3747 1142 3819 inquiras
1164 3748 1212 3818 qui
1235 3758 1299 3804 sunt
1321 3759 1452 3805 tenentes

344 3836 543 3906 predictorum,
556 3835 592 3890 de
609 3835 712 3906 quibus
729 3835 874 3907 predictus
887 3835 1046 3891 Willelmus
1063 3852 1112 3891 eos
1129 3836 1254 3904 leolauit,
1266 3846 1296 3892 et
1312 3854 1361 3907 per
1373 3839 1452 3907 quod

344 3923 494 3979 seruiciurn
512 3924 630 3996 quilibet
648 3942 746 3979 eorum
765 3933 850 3992 tenet,
865 3934 894 3980 et
913 3934 1051 3995 quantum
1069 3935 1097 3981 et
1116 3926 1152 3981 de
1171 3942 1229 3996 quo
1246 3927 1409 3992 tenendum,
1422 3939 1450 3980 et

343 4013 463 4084 qualiter
483 4023 512 4069 et
530 4014 674 4085 quomodo
692 4024 721 4070 et
740 4015 768 4069 in
787 4015 890 4085 quibus
910 4015 979 4070 locis
998 4015 1063 4069 ville
1082 4014 1208 4086 predicte
1226 4013 1353 4084 predicta
1372 4023 1449 4071 tene-

342 4115 440 4159 menta
456 4105 557 4158 iacent.
594 4105 632 4158 Et
651 4103 868 4174 inquisicionem
886 4102 952 4157 inde
968 4103 1101 4158 distincte
1118 4111 1145 4158 et
1162 4112 1258 4174 aperte
1273 4103 1378 4157 iactam
1395 4103 1449 4157 sub

342 4196 434 4266 sigillo
459 4206 508 4250 tuo
532 4204 560 4250 et
585 4194 639 4248 sub
663 4193 763 4264 sigillis
787 4208 885 4247 eorum
910 4207 959 4261 per
983 4205 1055 4262 quos
1076 4191 1152 4246 iacta
1173 4190 1255 4246 luerit
1280 4191 1361 4245 nobis
1386 4193 1449 4246 sine

341 4285 482 4340 dilacione
494 4284 591 4337 mittas
603 4293 632 4337 et
644 4281 698 4336 hoc
711 4280 806 4335 breue.
843 4281 930 4334 Teste
943 4295 989 4333 me
1002 4280 1065 4349 ipso
1078 4278 1153 4349 apud
1168 4278 1359 4349 Claringdone
1370 4295 1448 4333 anno

340 4373 419 4444 regni
431 4371 521 4427 nostri
535 4369 617 4440 .xviij.
