3192 5067
139 325 187 425 11]
259 328 362 402 How
387 328 446 401 the
472 326 593 426 leing’s
616 328 872 425 tax-gothero
896 351 971 400 roos
986 324 1114 422 soz'led
1201 328 1244 397 81

138 516 324 597 predictum
359 517 401 581 ad
437 536 522 599 opus
560 516 664 598 Regis
702 516 835 579 leuaret.
897 513 990 577 Prior
1027 532 1105 576 uero
1142 510 1247 575 dixit:
1262 508 1395 602 §3332

139 618 296 697 Domine,
310 620 377 684 alio
392 630 543 704 tempore
564 621 656 684 uenit
677 618 814 703 quidam
838 616 932 681 miles
948 616 1005 700 qui
1020 625 1090 681 erat
1108 614 1246 678 Domini
1260 610 1396 713 ζξξῑζξιξζ
1470 677 1478 689 .

139 722 243 805 Regis
262 724 453 801 exchaetor,
475 725 571 788 sicuti
596 744 658 788 uos
681 724 784 787 modo
808 722 897 799 estis,
919 730 953 786 et
975 720 1081 784 uoluit
1102 718 1246 783 talliare¹
1259 710 1394 803 2{,¹',i¹,¹,'‘⁸'

137 836 218 891 tunc
239 828 352 893 villam
375 831 417 893 de
439 828 637 895 Cestertone
657 830 699 892 ad
721 848 806 912 opus
828 827 931 908 Regis
954 827 1039 891 sicut
1062 844 1123 889 uos
1144 824 1245 888 modo
1258 811 1376 911 fem,

136 932 247 1008 uultis
264 942 298 997 et
313 933 527 1017 predecessor
543 954 637 997 meus
658 934 749 997 misit
763 933 806 996 ad
826 932 960 997 Curiam
978 930 1081 1014 Regis
1096 930 1245 1011 allegans
1257 910 1359 1003 ffi‘h‘

136 1056 198 1119 pro
226 1046 317 1101 statu
346 1059 408 1101 suo
437 1048 471 1102 et
502 1024 749 1104 Canonicorum
779 1056 925 1112 suorum,
955 1044 989 1100 et
1018 1034 1135 1099 habuit
1165 1043 1244 1098 tunc
1257 1010 1379 1105 biblii

136 1141 321 1206 remedium
359 1163 419 1225 per
454 1144 666 1219 scaccarium,
702 1143 792 1225 quod
835 1142 1126 1225 quocienscunque
1167 1140 1244 1203 Rex
1258 1112 1411 1206 liffeim

137 1244 245 1310 talliat
275 1246 456 1330 burgenses
486 1269 565 1313 suos
595 1248 649 1312 uel
679 1247 850 1312 dominica
879 1266 950 1321 sua,
981 1246 1074 1309 Prior
1102 1244 1246 1309 talliabit

136 1347 249 1413 villam
266 1351 310 1414 de
326 1350 522 1415 Cestertone
537 1352 581 1415 ad
597 1372 681 1435 opus
697 1371 794 1415 suum
816 1350 996 1433 proprium.
1042 1348 1131 1433 Quia
1146 1349 1247 1432 igitur

137 1472 199 1516 nos
234 1453 377 1536 religiosi
413 1475 528 1519 sumus
558 1464 592 1519 et
622 1475 683 1519 uos
718 1474 861 1538 persona
897 1452 1060 1535 religiosa,
1090 1472 1246 1535 rogamus

136 1576 198 1619 uos
221 1558 378 1639 quatinus
399 1578 465 1622 non
487 1557 616 1623 faciatis
640 1558 737 1621 nobis
760 1558 906 1622 deterius
926 1576 1027 1640 quam
1052 1555 1130 1620 iecit
1150 1555 1246 1619 nobis

136 1658 239 1724 homo
250 1661 406 1726 secularis
418 1662 475 1745 qui
487 1663 607 1728 eadem
623 1660 793 1725 fruebatur
806 1682 872 1745 qua
885 1682 945 1724 uos
957 1667 1134 1743 potestate.
1173 1660 1244 1723 Ex·

137 1766 274 1829 chaetor
289 1787 369 1830 uero
384 1766 491 1831 dixit:
514 1767 588 1831 Hec
604 1766 724 1843 dicitis,
738 1765 797 1829 sed
814 1764 895 1849 quid
912 1765 990 1829 inde
1005 1762 1161 1828 habetis?
1200 1763 1246 1827 Et

138 1868 230 1934 Prior
244 1871 391 1935 ostendit
404 1871 433 1934 ei
445 1872 681 1954 transcriptum
698 1868 947 1933 inrotulacionis
959 1868 1002 1932 de
1017 1867 1191 1945 scaccario,
1202 1865 1245 1930 de
1316 1888 1321 1897 ¹

136 1994 226 2039 anno
238 1976 393 2040 videlicet
409 1975 512 2058 Regis
530 1972 699 2058 H[enrici]
716 1978 813 2051 xxv⁰,
825 1983 859 2037 et
874 1982 925 2037 est
941 1972 1137 2037 inrotulacio
1152 1971 1245 2036 talis:

190 2121 364 2188 Cestertoue,
376 2121 444 2175 villa
464 2120 568 2175 Prioris
587 2120 624 2176 de
644 2120 823 2185 Bernewelle,
842 2119 933 2174 reddit
952 2127 1116 2189 compotum
1136 2119 1172 2174 de
1185 2130 1242 2173 .xv.

136 2208 240 2263 marcis
256 2208 292 2263 de
308 2208 439 2278 tallagio;
459 2208 488 2264 in
504 2210 638 2264 thesauro
653 2207 760 2273 nichil;
778 2217 805 2262 et
823 2208 877 2277 ipsi
892 2207 980 2261 Priori
995 2218 1053 2261 .xv.
1067 2222 1178 2261 marcas
1194 2223 1245 2277 per

135 2295 222 2350 breue
242 2296 337 2364 Regis,
356 2296 385 2350 in
404 2312 460 2367 quo
478 2297 638 2351 continetur
656 2296 733 2367 quod
751 2295 827 2349 idem
851 2294 930 2349 Prior
948 2303 976 2349 et
993 2294 1124 2349 homines
1146 2294 1188 2348 sui
1208 2294 1244 2349 de

138 2382 304 2438 Cestertoue
316 2382 448 2437 decetero
461 2384 517 2438 siut
529 2384 616 2455 quieti
629 2393 657 2439 et
669 2383 757 2455 quieti
770 2400 833 2438 esse
851 2383 955 2438 debent
972 2400 1023 2453 per
1035 2391 1143 2436 cartam
1158 2382 1244 2450 Regis

137 2469 277 2539 Jobannis
299 2487 385 2540 quam
408 2473 469 2525 Rex
488 2471 617 2543 inspexit,
636 2480 664 2525 et
686 2489 736 2542 per
756 2470 1019 2526 consideracionem
1041 2470 1125 2526 Curie
1149 2468 1243 2539 Regis,
1257 2480 1274 2529 s.
1293 2481 1353 2531 ‚ab

136 2557 209 2613 sicut
228 2560 388 2614 continetur
405 2560 434 2613 in
452 2560 554 2614 eodem
572 2560 659 2629 breui,
678 2568 707 2614 et
725 2560 821 2630 quieta
838 2558 904 2616 esti

202 2692 396 2757 Exchaetor
421 2712 501 2757 uero
527 2693 636 2756 adhuc
664 2694 698 2756 in
725 2692 857 2757 malicia
883 2712 943 2756 sua
970 2692 1151 2775 persistens
1177 2692 1243 2756 ait:

135 2796 299 2861 Cedulam
326 2818 429 2861 unam
455 2798 632 2861 ostenditis
660 2796 750 2872 mihi,
774 2796 833 2860 sed
861 2798 940 2880 quia
966 2795 1111 2879 sigillum
1140 2795 1243 2877 Regis
1328 2761 1335 2846 l

134 2919 321 2982 appensum
337 2920 405 2964 non
428 2901 535 2976 uideo,
555 2900 716 2985 scripture
736 2899 837 2964 fidem
859 2920 926 2963 non
947 2899 1100 2964 adhibeo,
1146 2899 1242 2963 Tunc

137 3003 229 3067 Prior
257 3004 411 3068 turbatus
440 3004 540 3067 corde
570 3004 706 3068 recessit
736 3005 782 3069 ab
811 3003 881 3067 eius
912 3004 1094 3086 presencia,
1123 3012 1242 3086 petens

133 3115 261 3171 cartam
287 3106 391 3190 Regis
414 3107 476 3171 sibi
501 3107 637 3171 restitui.
683 3105 752 3172 Sed
777 3107 915 3171 clericus
940 3108 1160 3183 exchaetoris,
1184 3108 1241 3189 qui

135 3223 261 3276 cartam
285 3211 374 3295 legit,
397 3212 505 3276 noluit
525 3233 599 3276 eam
621 3213 793 3277 restituere
816 3232 990 3295 quousque
1014 3212 1106 3275 Prior
1128 3212 1242 3276 iecerit
1321 3230 1323 3246 '

134 3316 243 3381 eidem
271 3315 622 3381 dari.xl1.denarios.
668 3315 798 3381 Videns
829 3317 929 3399 igitur
957 3315 1048 3379 Prior
1074 3315 1240 3379 maliciam

135 3419 277 3503 hospitis
292 3422 341 3484 sui
354 3421 574 3497 exchaetoris,
585 3422 713 3485 uocatis
728 3422 770 3485 ad
788 3440 824 3484 se
839 3421 971 3484 duobus
983 3420 1152 3486 canonicis
1164 3420 1241 3497 suis,

133 3524 203 3587 ait:
233 3524 345 3588 Video
367 3524 457 3608 quod
480 3525 583 3588 homo
606 3525 668 3589 iste
694 3524 797 3588 durus
820 3533 928 3588 estet
950 3518 1098 3607 cupidus.
1145 3523 1240 3587 Eatis

132 3647 213 3710 ergo
239 3637 274 3691 et
300 3627 419 3692 dicatis
445 3628 475 3692 ei
503 3650 547 3692 ex
576 3637 670 3711 parte
694 3638 826 3693 nostra:
857 3627 1013 3704 Domine,
1037 3648 1098 3691 nos
1125 3647 1239 3691 sumus

133 3731 279 3815 religiosi
299 3735 386 3797 sicut
406 3742 440 3797 et
461 3754 530 3797 uos.
577 3734 754 3797 Precamur
774 3733 875 3817 igitur
895 3732 1053 3815 quatinus
1077 3732 1104 3795 si
1128 3732 1238 3816 placet

131 3835 194 3900 hac
218 3838 289 3900 vice
314 3838 458 3919 parcatis
482 3838 579 3901 nobis
603 3859 663 3922 pro
687 3838 762 3914 deo,
785 3847 820 3901 et
844 3857 906 3902 nos
928 3846 1057 3901 secreto
1083 3837 1238 3901 dabimus

132 3940 228 4003 uobis
255 3942 296 4005 ad
325 3942 521 4024 speciariam
543 3954 630 4007 .xL.
652 3940 797 4018 solidos;
829 3950 864 4004 et
889 3942 1012 4004 adiecit
1040 3940 1149 4004 Prior:
1181 3939 1237 4005 Sic

130 4046 221 4107 enim
245 4044 351 4127 magis
374 4045 514 4127 expedit
536 4045 632 4109 nobis
654 4065 756 4128 quam
783 4045 1021 4127 perdere.xv.
1035 4043 1142 4108 libras.
1187 4042 1238 4107 At

131 4146 177 4210 illi
213 4148 375 4212 abeuntes
409 4148 557 4213 fecerunt
586 4148 671 4213 sicut
703 4150 796 4213 Prior
825 4149 974 4232 precepit
1004 4148 1236 4231 promittentes

130 4252 161 4315 ei
171 4302 178 4315 .
189 4266 239 4315 XL
249 4300 255 4317 .
265 4252 398 4318 solidos.
433 4253 627 4317 Exchaetor
641 4274 721 4317 uero
736 4254 881 4317 eleuauit
897 4273 1013 4317 uocem
1028 4262 1064 4316 et
1078 4252 1237 4317 clamauit

191 4387 201 4420 ¹
217 4389 335 4448 talliasse,
347 4390 405 4442 MS.
581 4387 592 4421 ¹
608 4390 751 4451 corrected,
765 4405 792 4439 as
803 4390 891 4447 above,
904 4388 969 4439 from
980 4389 1024 4440 the
1036 4388 1099 4454 Pipe
1111 4389 1178 4439 Roll.

211 4506 238 4549 c.
1136 4491 1154 4546 6

1347 2796 1399 2811 p·-
