3192 5067
319 346 368 415 44
704 324 878 399 Further
895 334 1035 423 granis
1305 319 1425 420 [boort

372 506 507 563 Concessi
529 506 620 563 eciam
641 508 683 563 eis
704 508 831 564 decimas
852 511 888 564 de
909 509 1036 565 dominio
1056 525 1121 563 meo
1143 509 1178 564 de
1199 506 1381 575 cantebrigia
1398 514 1427 559 et

319 589 478 645 Ecclesiam
495 591 594 646 Sancti
612 592 707 661 Egidij
724 604 753 648 et
772 592 931 649 Ecclesiam
950 594 987 648 de
1006 593 1195 648 Cumbertone
1214 591 1242 645 in
1262 600 1425 661 perpetuam

317 675 510 729 elemosinam.
547 678 634 731 Teste
653 677 767 747 Rogero
786 677 931 749 Episcopo
951 676 1170 732 Salesburensi¹.

398 880 444 944 14
493 863 595 931 Carta
616 865 744 930 domini
763 865 917 950 Remigsj
934 866 1172 931 Lincolniensis
1192 862 1349 948 Episcopi.

157 1046 295 1139 Remigius,
372 1030 513 1085 Omnibus
534 1042 632 1087 sancte
652 1032 751 1087 matris
773 1032 891 1088 ecclesie
916 1032 980 1103 filijs
1002 1032 1039 1087 ad
1060 1048 1132 1103 quos
1153 1048 1269 1103 presens
1290 1028 1425 1099 scriptum

157 1099 271 1197 fflssln,
318 1118 477 1188 peruenerit
502 1118 649 1189 Remigius
673 1120 719 1175 dei
743 1119 840 1189 gracia
865 1120 1071 1175 Lincolniensis
1101 1115 1276 1190 Episcopus²
1299 1126 1426 1173 eternam

155 1197 273 1299 affl·
318 1204 347 1291 ip
367 1206 494 1260 Domino
512 1207 642 1261 salutem.

155 1297 265 1351 mneos
373 1294 493 1348 Nouerit
508 1294 678 1350 uniuersitas
694 1304 788 1350 uestra
805 1312 858 1350 nos
873 1295 969 1351 diuiue
985 1296 1098 1367 pietatis
1115 1296 1215 1351 intuitu
1233 1295 1271 1349 ad
1283 1303 1425 1363 presenta-

155 1350 285 1441 iiirititii.
318 1383 429 1438 cionem
441 1391 469 1437 et
482 1383 651 1453 peticionem
665 1383 772 1438 domini
787 1384 884 1454 Pycoti
897 1383 1071 1440 vicecomitis
1083 1384 1197 1441 dedisse
1210 1394 1238 1439 et
1251 1380 1425 1438 concessisse

317 1484 346 1528 et
365 1473 489 1542 presenti
510 1483 589 1525 carta
610 1483 707 1526 nostra
726 1472 911 1528 confirmasse
934 1472 1088 1528 Canonicis
1109 1473 1146 1527 de
1167 1468 1350 1540 cantebrigia
1370 1469 1424 1523 Ec·

318 1560 434 1614 clesiam
448 1560 546 1615 Sancti
559 1559 654 1630 Egidij
668 1560 705 1616 de
718 1559 901 1630 Cantebrigia
914 1562 962 1616 ubi
973 1578 1091 1617 assensu
1105 1571 1201 1616 nostro
1214 1560 1315 1615 domus
1328 1574 1425 1613 eorum

317 1646 436 1702 fundata
456 1657 508 1713 est,
528 1657 557 1702 et
578 1648 739 1704 Ecclesiam
761 1650 797 1704 de
820 1651 961 1706 Mordone
985 1667 1050 1706 cum
1075 1650 1192 1720 Capella
1214 1650 1249 1704 de
1276 1647 1425 1713 Redderia,

319 1736 479 1791 Ecclesiam
494 1736 530 1790 de
546 1736 724 1805 Thadelows,
743 1738 903 1793 Ecclesiam
919 1739 956 1793 de
970 1740 1083 1793 Brunne
1100 1756 1165 1794 cum
1179 1738 1296 1808 Capella
1309 1734 1426 1791 Castelli

318 1832 428 1878 etcum
448 1823 565 1894 Capella
583 1823 620 1879 de
639 1825 800 1892 Caldecote,
821 1827 977 1882 Ecclesiam
995 1828 1031 1882 de
1050 1828 1249 1895 Cumbertone,
1268 1825 1425 1880 Ecclesiam

318 1910 354 1965 de
369 1910 561 1980 Maddingele‚
574 1912 733 1966 Ecclesiam
746 1913 783 1968 de
797 1914 946 1981 Ramtone‚
961 1916 1105 1971 Ecclesias
1118 1916 1154 1970 de
1168 1915 1337 1969 Harlestone
1349 1924 1376 1969 et
1390 1914 1426 1968 de

321 2000 479 2067 Henxtone,
501 1999 649 2055 habendas
670 2010 699 2055 et
721 2002 859 2057 tenendas
882 2003 909 2058 in
932 2004 1059 2075 proprios
1081 2020 1148 2059 usus
1169 2003 1256 2058 libere
1280 2002 1425 2074 quiete-et

318 2088 425 2155 integre
442 2104 507 2141 cum
523 2089 656 2143 omnibus
675 2089 792 2145 decimis
809 2103 838 2146 et
856 2093 988 2147 omnibus
1007 2092 1229 2147 obuencionibus
1248 2102 1275 2147 et
1294 2089 1425 2146 omnibus

317 2175 380 2245 alijs
393 2175 575 2246 pertinencijs
588 2177 626 2231 ad
638 2176 764 2248 inopiam
776 2196 859 2234 suam
871 2180 1061 2236 releuandam.

373 2265 572 2320 Concessimus
589 2265 679 2320 eciam
696 2268 737 2322 eis
755 2278 782 2323 et
799 2269 923 2338 presenti
940 2278 1018 2325 carta
1035 2278 1131 2324 nostra
1144 2267 1373 2324 confirmauimus
1389 2266 1426 2320 ad

318 2352 561 2424 presentacionem
578 2353 636 2408 iam
653 2354 721 2409 dicti
738 2357 837 2426 Pycoti
856 2358 926 2411 duas
945 2366 1040 2427 partes
1056 2357 1230 2412 decimarum
1246 2356 1281 2411 de
1294 2354 1425 2410 omnibus

318 2441 452 2513 dominijs
470 2442 597 2497 omnium
617 2443 737 2498 militum
755 2445 960 2515 pertinencium
981 2446 1017 2500 ad
1037 2444 1189 2500 Baroniam
1208 2445 1244 2499 de
1264 2446 1377 2498 Brunue
1396 2444 1425 2496 in

320 2528 581 2598 Cantebrigesclrire
604 2528 730 2586 scilicet:
755 2532 791 2586 de
814 2532 922 2602 Queya‚
942 2532 977 2587 de
999 2533 1099 2599 stowe,
1119 2533 1156 2586 de
1175 2531 1370 2597 Waterbecbe
1390 2530 1426 2584 de

321 2616 499 2683 landbecbe,
517 2616 554 2670 de
574 2616 759 2681 Middeltone,
779 2618 815 2672 de
837 2620 993 2689 lmpetone,
1011 2620 1046 2675 de
1068 2622 1206 2689 Hystone‚
1225 2620 1261 2673 de
1282 2620 1425 2684 Grettone,

243 2700 260 2750 f·
277 2717 307 2765 ¹4
319 2704 355 2758 de
376 2702 531 2773 Hokitone,
549 2704 585 2758 de
607 2706 756 2772 Ramtone,
775 2705 811 2761 de
831 2707 999 2775 Cotenham,
1017 2708 1054 2763 de
1076 2709 1250 2775 Lollewrthe,
1269 2708 1305 2763 de
1325 2708 1425 2761 Trum-

319 2792 423 2862 pitone‚
443 2792 479 2845 de
502 2790 709 2861 Haselingseld,
727 2794 764 2847 de
785 2794 950 2863 Harletone,
970 2796 1006 2850 de
1020 2796 1218 2861 'Eueresdone,
1239 2796 1274 2851 de
1295 2794 1370 2862 Toit,
1390 2794 1426 2848 de

321 2880 481 2948 Caldecote,
497 2879 533 2934 de
553 2880 735 2949 Kingestone,
752 2881 788 2935 de
807 2881 956 2953 Wyncpol‚
974 2884 1010 2939 de
1030 2884 1192 2951 Crawdene,
1210 2883 1245 2937 de
1266 2882 1426 2951 Hatteleya,

319 2969 356 3023 de
370 2968 585 3038 Pampeswnhe,
595 2969 632 3023 de
641 2968 821 3035 aldewincle,
832 2970 978 3026 habendas
991 2982 1019 3026 et
1029 2972 1167 3026 tenendas
1178 2971 1206 3025 in
1220 2988 1286 3025 usus
1298 2970 1426 3041 proprios

319 3051 434 3121 integre,
445 3053 547 3122 quiete,
556 3052 651 3119 libere,
661 3054 699 3106 ad
712 3053 813 3108 domus
823 3071 872 3108 sue
882 3067 910 3109 et
920 3055 948 3109 in
959 3073 992 3110 ea
1002 3056 1056 3111 deo
1066 3056 1251 3111 seruiencium
1261 3065 1424 3126 perpetuam

319 3141 571 3195 sustentacionem.
609 3141 657 3211 Hij
672 3153 736 3195 sunt
749 3151 835 3196 testes
848 3152 900 3197 etc.

393 3366 439 3432 15.
487 3350 589 3417 Carta
610 3350 740 3415 domini
759 3350 888 3414 Heruei
907 3351 1053 3415 Elz'eusit
1075 3350 1224 3434 Episcopi
1237 3348 1352 3432 primi.

158 3514 306 3570 fimbssr·
374 3511 520 3567 Ηετυειιε3
542 3512 587 3567 dei
606 3512 703 3581 gracia
724 3510 855 3579 Elyeusis
879 3512 1037 3583 Episcopus
1059 3513 1189 3567 omnibus
1212 3520 1309 3565 sancte
1330 3507 1427 3563 matris

157 3568 307 3670 geatwa
318 3598 437 3655 ecclesie
450 3598 514 3668 filijs
527 3610 554 3653 et
567 3598 698 3654 fidelibus
711 3600 871 3653 salutemet
884 3598 930 3654 dei
943 3599 1169 3654 benedictionem
1182 3607 1210 3651 et
1222 3613 1312 3651 suam.

157 3667 268 3768 irem,
374 3686 518 3741 Noueritis
543 3704 595 3741 nos
619 3686 715 3743 diuiue
738 3687 851 3757 pietatis
877 3687 979 3742 intuitu
1001 3689 1038 3743 ad
1059 3686 1298 3758 presentationem
1320 3682 1426 3739 domini

157 3768 426 3870 {figmosPagaui
449 3777 565 3831 Peuerel
586 3775 699 3831 dedisse
716 3787 745 3831 et
766 3778 941 3831 concessisse
961 3786 989 3831 et
1009 3776 1129 3847 presenti
1149 3787 1227 3831 carta
1245 3787 1343 3831 nostra
1360 3792 1426 3829 con·

160 3870 297 3921 Remlsius.
320 3863 447 3918 firmasse
467 3864 619 3921 Canonicis
637 3864 812 3933 regularibus
831 3865 867 3920 de
890 3864 1063 3919 Barnewelle
1084 3882 1183 3918 omnes
1201 3864 1337 3920 ecclesias
1356 3878 1426 3933 quas

320 3952 502 4021 predecessor
523 3963 619 4007 noster
639 3951 713 4005 bone
733 3952 867 4007 memorie
891 3953 1031 4008 Dominus
1053 3952 1198 4021 Remigius
1223 3948 1426 4007 Lincolniensis

321 4039 480 4110 Episcopus
498 4040 539 4094 eis
558 4039 698 4093 concessit
716 4047 744 4092 et
762 4055 814 4092 sua
832 4050 911 4094 carta
929 4040 1113 4095 confirmauit.

516 4200 525 4232 ¹
543 4202 582 4267 Bp
593 4200 621 4251 oi
630 4200 767 4265 Salisbury,
782 4216 809 4251 11
824 4202 891 4266 Aug.
907 4202 1115 4267 1107—1139(d.
1128 4222 1143 4265 4
1155 4199 1239 4265 Deo).

515 4283 526 4316 ²
542 4286 582 4349 Bp
593 4285 621 4334 oi
631 4285 745 4345 lincoln,
762 4282 922 4351 1086-1092
936 4285 971 4347 (d.
983 4284 998 4335 6
1010 4284 1090 4351 May).

515 4366 527 4399 ⁸
543 4368 582 4433 Bp
593 4367 623 4418 oi
631 4368 688 4431 Ely,
705 4382 863 4433 trop-1131
878 4368 913 4430 (d.
926 4382 958 4432 ³0
970 4367 1058 4433 Aug).
