3192 5067
343 334 415 420 246
619 326 815 402 Hundred
836 326 886 424 of
901 326 1169 424 Armingford
1327 325 1454 426 [Boon

342 514 462 578 Bancis
488 516 521 580 in
549 515 719 599 Wynepol
745 525 779 579 et
807 535 884 578 cum
911 523 1000 578 terra
1025 514 1229 578 Baudechun
1255 515 1298 578 de
1322 513 1453 580 Sancto

342 618 489 702 Georgio
515 621 548 684 in
579 621 708 696 eadem,
737 629 771 684 et
801 640 878 683 cum
909 629 997 684 terra
1029 620 1168 684 Roberti
1197 619 1242 683 de
1272 619 1383 684 Beche
1416 619 1451 682 in

344 723 559 788 Eueresdone
574 733 609 789 et
629 723 780 788 defendit
795 745 832 788 se
853 745 913 807 pro
932 725 996 789 iiii.
1012 724 1098 788 hidis
1119 735 1154 788 et
1173 724 1312 789 dimidia
1333 723 1451 807 gelda-

343 827 474 902 bilibus,
499 840 534 892 et
563 829 665 894 debet
691 830 718 892 .i.
744 838 880 904 sectam,
911 838 945 893 et
972 828 1073 894 debet
1095 830 1139 894 ad
1165 829 1311 894 wardam
1338 827 1451 894 Castri

343 932 427 996 inira
443 932 493 996 .iii.
510 953 616 996 annos
636 931 716 996 .xl.s.
733 931 776 996 ad
799 932 884 995 duas
907 932 1003 994 vices.
1050 932 1181 996 Ibidem
1199 931 1386 996 Willelmus
1408 932 1452 995 de

345 1035 472 1099 Sancto
487 1034 632 1118 Georgio
644 1045 736 1098 tenet
752 1046 874 1100 terram
890 1055 985 1099 suam
1003 1036 1035 1098 in
1056 1035 1193 1100 Hattele
1209 1045 1243 1098 et
1260 1035 1450 1118 Kingeston

345 1139 586 1221 perseodumj.
599 1140 713 1204 militis
725 1138 1083 1204 deieodoMatiidede
1095 1140 1183 1204 Diua
1194 1141 1226 1204 in
1238 1139 1452 1224 Eringeston.
1588 1184 1589 1192 .

411 1244 666 1309 Memorandum
680 1243 770 1328 quod
785 1245 816 1308 N
820 1244 938 1327 igetius
950 1247 993 1309 de
1006 1244 1176 1310 Radeweli
1190 1255 1283 1310 tenet
1293 1247 1321 1310 .i.
1333 1245 1450 1309 hidam
1588 1252 1589 1262 ’

344 1359 429 1412 terre
453 1349 485 1412 in
511 1349 730 1414 Meldeburne
753 1349 937 1433 geldabiiis.
983 1349 1153 1414 Galsridus
1172 1351 1215 1414 de
1237 1349 1393 1415 Scalariis
1415 1360 1452 1414 et

344 1451 494 1516 Thomas
510 1453 552 1516 de
565 1452 743 1518 Waddone
759 1463 876 1519 tenent
891 1454 931 1517 .ii.
947 1453 1044 1518 hidas
1065 1463 1100 1518 et
1119 1462 1187 1518 tres
1203 1453 1350 1537 virgatas
1364 1463 1453 1518 terre

345 1557 377 1620 in
394 1556 565 1623 Crawden.
613 1558 780 1624 Robertus
795 1558 838 1622 de
855 1559 982 1641 Fugers
998 1559 1031 1620 in
1047 1558 1166 1622 eadem
1182 1559 1210 1622 .i.
1222 1558 1337 1624 hidam
1351 1569 1387 1624 et
1397 1560 1453 1624 .iii.

343 1663 491 1744 virgatas
506 1671 600 1727 terre.
634 1662 834 1728 Humsridus
848 1663 892 1728 ad
910 1663 1096 1728 Ecclesiam
1112 1663 1145 1727 in
1161 1663 1280 1728 eadem
1292 1664 1320 1728 .i.
1335 1663 1451 1728 hidam

342 1776 377 1832 et
413 1766 597 1832 dimidiam.
655 1766 828 1848 johannes
865 1767 1005 1833 Goceiin
1043 1767 1077 1830 in
1114 1766 1233 1831 eadem
1268 1767 1297 1832 .i.
1327 1767 1453 1848 hidam.

344 1871 543 1936 Alexander
565 1873 607 1935 de
631 1871 791 1937 Audeuill
816 1873 848 1937 in
873 1872 1020 1955 Ciopton
1036 1872 1076 1937 ‚ii
1092 1871 1189 1937 hidas
1211 1882 1246 1936 et
1267 1872 1454 1937 dimidiam.

344 1975 532 2040 Willeimus
557 1977 600 2040 de
626 1975 749 2059 Quoye
779 1977 812 2039 in
842 1976 982 2041 Hattele
1008 1976 1037 2059 .j.
1062 1977 1177 2041 hidam
1207 1986 1241 2041 et
1266 1977 1452 2042 dimidiam.

346 2081 450 2145 Fulco
473 2081 560 2146 filius
577 2081 705 2146 Warini
727 2081 760 2145 in
777 2080 958 2146 Tadelowe
973 2081 1013 2164 .ij.
1030 2082 1127 2146 hidas
1147 2091 1181 2145 et
1201 2081 1395 2160 dimidiam;
1417 2083 1453 2146 in

344 2185 423 2250 viiia
443 2187 486 2250 de
502 2185 644 2251 Gildene
668 2185 812 2250 Mordon
828 2184 870 2268 ij.
885 2186 982 2251 hidas
1000 2196 1034 2250 et
1057 2186 1231 2250 dimidiam
1251 2185 1296 2250 de
1313 2187 1455 2251 diuersis

345 2289 458 2356 feodis.
506 2290 591 2356 Item
623 2290 773 2355 Thomas
798 2293 841 2355 de
869 2294 991 2356 Pemes
1018 2293 1051 2357 in
1082 2293 1201 2357 eadem
1226 2291 1279 2376 iij.
1305 2293 1455 2376 virgatas

345 2404 438 2460 terre.
487 2395 571 2459 Item
599 2395 748 2459 Thomas
773 2394 859 2459 filius
889 2395 1045 2480 Hugonis
1073 2398 1106 2460 in
1133 2400 1250 2461 eadem
1277 2397 1454 2461 dimidiam

347 2499 511 2582 virgatam
535 2509 627 2563 terre.
676 2500 762 2563 Item
788 2499 959 2564 Galsridus
982 2503 1026 2565 de
1049 2501 1205 2566 Scalariis
1228 2501 1261 2564 in
1284 2501 1454 2586 homagio.

350 2603 389 2667 in
428 2602 685 2687 StepeImordon
724 2605 752 2668 .i.
790 2604 905 2668 hidam
944 2615 1038 2670 terre.
1086 2605 1173 2669 Item
1212 2605 1380 2670 Robertus
1409 2606 1455 2670 de

349 2710 493 2792 Fugeres
517 2709 549 2771 in
574 2707 738 2792 Alington
762 2711 789 2773 .i.
814 2709 936 2773 hidam.
984 2711 1140 2774 Decanus
1166 2709 1209 2773 de
1236 2708 1456 2792 Schenegeye

348 2815 484 2878 terciam
501 2823 629 2897 partem
646 2815 742 2878 vnius
757 2814 836 2878 hide
852 2815 886 2877 in
902 2817 1029 2879 eadem.
1073 2815 1244 2898 Johannes
1260 2815 1291 2878 le
1306 2814 1403 2896 Goyz
1418 2817 1455 2880 in

349 2919 596 3001 Bassingbume
612 2919 638 2982 .i.
655 2919 778 2983 hidam.
826 2921 917 2983 Prior
939 2923 982 2984 de
1004 2920 1195 2984 Chikesond
1218 2921 1251 2982 in
1273 2920 1457 2986 Tadelowe

347 3025 386 3089 .ii.
403 3024 500 3087 hidas
522 3033 556 3087 et
576 3022 760 3088 dimidiam.
795 3025 939 3088 Matiida
959 3025 1002 3090 de
1020 3025 1162 3088 Dunton
1183 3027 1216 3088 in
1234 3026 1411 3108 Wendeye
1426 3029 1455 3090 .i.

347 3127 510 3212 virgatam
527 3136 621 3193 terre.

506 3407 712 3472 Hundredus
733 3408 772 3472 de
793 3407 1021 3492 Emingesord
1040 3406 1299 3492 [Armingiord].

416 3564 544 3646 Clopton
561 3563 744 3650 [Clopton].
793 3565 956 3629 Ricardus
971 3564 1015 3628 de
1030 3564 1189 3628 Andeuill
1206 3572 1299 3628 tenet
1315 3561 1452 3627 feodum

349 3667 377 3752 .j.
398 3669 511 3733 militis
527 3689 602 3732 cum
620 3670 749 3752 uirgata
765 3679 851 3733 terre
866 3669 899 3733 in
924 3669 1061 3733 Hatteie
1081 3679 1116 3732 et
1131 3669 1159 3733 .i.
1179 3669 1292 3733 hidam
1315 3677 1399 3731 terre
1419 3669 1453 3730 in
1584 3730 1585 3733 ,

350 3772 530 3837 Craweden
548 3771 589 3835 de
606 3771 743 3836 baronia
760 3772 888 3836 Warini
905 3771 962 3836 filii
979 3771 1125 3835 Geroldi.

415 3875 613 3940 Settntordon
629 3874 761 3958 [South
777 3897 814 3939 or
834 3875 979 3958 Steeple‚
996 3873 1161 3958 Morden].
1208 3873 1395 3937 Wiilelmus
1410 3873 1454 3936 de

350 3980 429 4064 Kay
441 3989 533 4045 tenet
549 3978 683 4043 feodum
699 3979 829 4043 dimidii
846 3978 961 4044 militis
975 3978 1019 4042 de
1033 3977 1160 4041 honore
1177 3978 1334 4041 Bononie.
1375 3977 1454 4040 Non

349 4085 450 4151 debet
465 4095 600 4163 sectam,
612 4105 720 4167 neque
736 4085 898 4150 auxilium
911 4084 1124 4148 vicecomitis.
1157 4081 1271 4164 Wydo
1286 4081 1330 4146 de
1347 4082 1455 4162 Brecy

349 4200 441 4256 tenet
464 4199 617 4274 quartam
641 4199 770 4273 partem
797 4189 885 4254 feodi
910 4189 937 4254 .i.
964 4189 1080 4253 militis
1105 4188 1149 4252 de
1175 4187 1293 4252 eodem
1318 4187 1454 4250 honore.

353 4295 481 4359 ibidem
498 4293 668 4359 Galiridus
683 4293 726 4358 de
743 4295 899 4360 Scalariis
915 4303 1007 4359 tenet
1023 4293 1050 4358 .i.
1062 4292 1177 4356 hidam
1194 4303 1280 4356 terte
1295 4291 1337 4356 de
1354 4289 1455 4354 [eodo
1582 4340 1583 4345 ,

349 4403 392 4466 de
411 4398 575 4466 Scalariis.
621 4399 698 4464 Non
713 4400 816 4466 debet
830 4409 966 4477 sectam,
981 4409 1015 4465 et
1031 4398 1088 4463 iila
1103 4397 1182 4463 hida
1202 4407 1253 4464 est
1268 4396 1453 4481 geidabilis.
