3192 5067
149 359 207 460 vt]
479 363 675 437 Hundred
694 362 745 460 of
761 363 892 437 Staine
1185 373 1251 441 261

144 550 326 634 socagium.
373 550 469 616 Idem
489 550 689 634 W[alterus]
709 559 743 616 et
764 551 944 634 participes
965 551 1016 616 sui
1037 561 1152 617 tenent
1175 553 1256 618 .xlii.

144 673 238 718 acras
250 663 336 720 terre
347 655 390 720 de
402 654 501 720 feodo
511 655 554 721 de
564 655 677 740 Burgo
688 676 748 739 per
758 656 940 739 soeagium,
949 664 984 720 et
995 657 1120 722 debent
1129 667 1254 722 sectam

144 779 203 842 per
225 781 360 838 annum,
383 769 418 826 et
440 760 542 825 iidem
566 761 692 826 debent
714 781 774 844 per
796 781 923 825 annum
946 761 1044 844 ,iiijd
1062 763 1106 827 de
1127 762 1255 828 auxilio

144 863 358 932 vicecomitis
404 865 443 932 B.

211 969 370 1034 Fodltam¹
401 967 612 1055 [Fordham].
659 969 827 1034 Henricus
860 970 903 1034 de
935 971 1132 1036 Kemesech'
1162 981 1254 1036 tenet

144 1071 279 1138 feodum
292 1073 423 1139 dimidii
439 1073 554 1138 militis
566 1075 610 1138 de
620 1073 760 1139 domino
772 1073 868 1157 Rege
880 1073 913 1138 in
929 1074 1047 1158 capite.
1086 1074 1254 1140 Robertus

144 1176 175 1241 le
198 1178 330 1261 Noreys
354 1186 448 1243 tenet
474 1177 609 1241 feodum
633 1175 764 1241 dimidii
788 1176 903 1241 militis
929 1176 972 1241 de
998 1176 1136 1242 domino
1159 1179 1254 1262 Rege

144 1283 176 1344 in
199 1283 316 1365 capite.
364 1282 494 1347 Ibidem
516 1290 595 1346 sunt
615 1281 659 1345 de
675 1281 871 1347 Dodeshide
891 1291 925 1347 et
946 1282 1048 1346 debet
1068 1291 1204 1360 sectam,
1219 1294 1254 1348 et

145 1383 376 1469 Rumpeshide
398 1392 431 1448 et
456 1383 558 1448 debet
581 1393 718 1460 sectam,
742 1395 777 1448 et
800 1384 879 1449 villa
905 1405 973 1448 non
1000 1384 1101 1450 debet
1126 1397 1252 1451 sectam

143 1506 252 1571 neque
274 1487 438 1551 auxilium
462 1486 677 1552 vicecomitis.

208 1591 431 1675 Badlingkam
447 1591 686 1676 [Badlingham
708 1593 741 1657 in
758 1592 1017 1678 Chippenham].
1063 1595 1253 1662 Euerardus

143 1696 174 1760 le
191 1697 359 1778 Franceys
375 1706 468 1761 tenet
488 1696 625 1762 seudum
641 1697 671 1780 .j.
688 1698 805 1763 militis
820 1698 863 1763 de
878 1699 1005 1764 honore
1021 1700 1253 1768 Richmondie

145 1800 275 1865 Ibidem
291 1800 392 1864 debet
412 1809 539 1866 sectam
562 1810 596 1866 et
616 1801 659 1866 de
677 1802 807 1867 auxilio
821 1803 1027 1868 vicecomitis
1048 1825 1107 1887 per
1127 1825 1253 1871 annum

142 1902 207 1987 ijs.
254 1904 386 1969 Ibidem
402 1914 480 1969 sunt
496 1904 549 1988 .iij.
564 1905 644 1970 hide
658 1915 693 1970 et
708 1905 850 1971 dimidia
863 1907 1070 1990 geldabiles².

411 2161 616 2226 Hundredus
636 2161 677 2226 de
700 2162 805 2227 Stant
826 2161 984 2247 [Staine].

207 2298 425 2364 Bodekesltam
448 2301 677 2385 [Bottisham].
722 2301 913 2367 Willelmus
936 2301 1023 2367 filius
1050 2301 1187 2366 Martini
1218 2310 1253 2366 et
1265 2317 1282 2368 s.
1300 2333 1341 2382 ῳ
1460 2358 1463 2362 .

141 2403 313 2485 Johannes
335 2405 378 2468 de
402 2404 499 2468 Relle
520 2414 636 2470 tenent
658 2403 757 2469 feoda
777 2405 820 2488 .ij.
841 2405 984 2470 militum
1001 2407 1044 2470 de
1063 2407 1189 2470 honore
1208 2404 1253 2470 de

145 2507 365 2591 Bukingham.
413 2508 544 2574 Ibidem
579 2510 680 2574 debet
720 2509 923 2575 Eustachius
952 2511 995 2575 de
1026 2510 1058 2575 la
1094 2511 1189 2575 Lade
1221 2509 1252 2593 .j.

142 2621 267 2675 sectam
281 2623 315 2676 et
330 2613 433 2696 Hugo
446 2612 531 2677 filius
545 2614 727 2697 Augustini
740 2614 769 2697 .j.
781 2626 908 2679 sectam
922 2635 983 2698 pro
993 2617 1155 2680 comitatu
1167 2636 1251 2698 quas

142 2717 243 2780 debet
258 2738 318 2801 pro
334 2727 406 2782 tota
418 2719 540 2784 villata.
579 2719 710 2784 Ibidem
727 2730 806 2785 sunt
817 2743 860 2785 .x.
872 2721 950 2785 hide
962 2731 1048 2786 terre
1059 2720 1251 2805 geldabiles‚

141 2830 175 2884 et
191 2831 263 2884 tota
278 2821 356 2885 villa
371 2822 471 2887 debet
483 2823 524 2905 ij.
537 2844 666 2887 marcas
681 2823 724 2888 de
735 2825 865 2888 auxilio
876 2824 1080 2889 vicecomitis
1091 2836 1126 2890 et
1138 2824 1251 2890 franco

142 2925 262 3009 plegio.

210 3028 313 3109 Queye
335 3029 451 3113 [Quy]⁸
500 3030 687 3095 Willelmus
710 3031 752 3096 de
775 3031 930 3118 Hobtigg
951 3041 1044 3096 tenet
1065 3032 1199 3097 feodum
1221 3034 1250 3117 .j.

142 3135 257 3198 militis
272 3136 315 3198 de
330 3135 488 3219 episcopo
510 3135 656 3220 Elyensi,
671 3147 705 3202 et
720 3137 822 3202 debet
836 3137 866 3219 .j.
881 3148 1017 3202 sectam.
1062 3138 1251 3202 Willelmus

141 3239 184 3303 de
208 3237 325 3320 Queye
350 3248 441 3303 tenet
464 3240 497 3303 in
522 3239 642 3323 Queye
670 3250 705 3305 et
736 3241 769 3304 in
797 3240 932 3305 Hatteli
955 3240 1090 3307 feodum
1120 3242 1250 3306 dimidii

142 3344 255 3408 militis
282 3345 324 3407 de
349 3344 520 3408 Willelmo
550 3346 593 3409 de
626 3346 779 3431 Hobrigg
809 3347 866 3430 qui
896 3356 989 3410 tenet
1014 3346 1046 3409 in
1074 3347 1184 3429 capite
1207 3347 1251 3410 de

140 3448 279 3512 domino
317 3447 419 3531 Rege.
466 3448 559 3513 ldem
600 3448 786 3513 Willelmus
822 3450 865 3513 de
898 3449 1028 3533 Hobrig
1056 3450 1158 3515 debet
1192 3471 1252 3534 per

141 3571 265 3615 annum
296 3551 339 3614 de
369 3551 498 3615 auxilio
534 3551 741 3615 vicecomitis
779 3571 840 3633 pro
878 3550 1007 3635 Queye,
1045 3551 1250 3631 Bokeswrth,

141 3655 296 3732 Conitoil,
318 3655 436 3733 Beche,
458 3654 648 3732 Grandene,
672 3653 821 3730 Hattele‚
845 3675 913 3718 .xs.
959 3653 1127 3720 Albricius
1149 3657 1249 3721 debet

141 3769 276 3823 sectam.

206 3862 455 3946 Stowe[Stow].
494 3861 684 3927 Willelmus
697 3861 864 3944 Engayne
873 3871 967 3926 tenet
982 3861 1116 3927 feodum
1132 3863 1249 3947 ,xxvii

141 3967 245 4050 partis
271 3967 298 4030 .i.
329 3967 445 4031 militis
474 3967 518 4031 de
545 3965 644 4030 feodo
674 3965 807 4029 abbatis
836 3965 880 4029 de
911 3966 1106 4049 Rameseye.
1153 3967 1248 4032 Idem

191 4101 199 4133 ¹
219 4103 248 4151 ln
262 4101 304 4152 the
317 4102 375 4154 MS·
383 4103 453 4154 these
464 4113 515 4152 two
522 4101 677 4168 paregmphs
685 4118 719 4151 on
728 4101 856 4152 Fordlmn
867 4103 918 4152 end
931 4102 1097 4168 Bndlinghem
1109 4119 1151 4154 ure
1160 4104 1248 4170 placed

140 4194 166 4236 nt
179 4185 222 4236 the
233 4183 282 4234 end
294 4183 324 4234 ol
332 4183 375 4234 the
386 4183 480 4233 section
495 4183 597 4247 dealing
609 4182 669 4232 with
681 4181 917 4247 Huntingdonshire
927 4182 954 4246 (f.
968 4199 1012 4248 155
1020 4184 1057 4244 b),
1070 4201 1094 4250 p.
1108 4198 1163 4250 ²72·
1193 4186 1249 4236 The

140 4267 239 4334 copyist
257 4265 308 4316 had
328 4266 456 4331 evidently
473 4267 578 4316 omitted
603 4266 681 4323 them,
701 4265 747 4316 but
768 4265 955 4332 subsequently,
972 4283 1006 4316 on
1027 4267 1124 4333 finding
1145 4276 1189 4319 out
1210 4269 1250 4321 his

142 4350 258 4410 misuke,
279 4348 361 4399 added
378 4348 447 4399 them
465 4356 490 4398 at
507 4349 551 4398 the
567 4348 626 4399 end.

190 4431 202 4464 ⁸
218 4433 301 4499 gelde,
314 4432 371 4484 MS.
