3192 5067
161 358 224 461 111]
357 364 475 437 Writs
502 364 628 437 t'ssued
648 362 692 460 by
717 363 765 435 K
761 363 828 459 ing
855 360 1078 434 Edwards
1198 363 1261 434 181

214 545 258 598 Ex
277 546 393 615 querela
412 545 508 602 dilecti
528 545 611 601 nobis
632 545 661 600 in
682 546 796 600 Christo
818 544 922 600 Prioris
944 545 980 599 de
1002 544 1170 599 Bemewelle
1189 560 1267 597 acce·
1280 536 1431 639 fgffirnss

160 633 253 703 pimus
271 635 348 704 quod
366 652 431 690 cum
450 636 510 706 ipse
529 652 579 707 per
596 646 689 691 cartas
708 635 940 706 predecessorum
959 644 1119 687 nostrorum
1143 631 1266 701 Regum¹
1281 637 1383 739 {m
1392 694 1418 730 to

159 721 261 791 Anglie
285 731 313 776 et
335 722 584 777 continuacionem
608 732 736 777 nostram
760 722 866 776 babere
888 720 998 788 debeat,
1021 729 1049 775 et
1071 720 1132 791 ipse
1154 729 1181 774 et
1206 736 1267 790 pre·
1281 740 1393 799 ἥρωας

159 810 323 865 decessores
339 810 382 865 sui
400 827 513 881 semper
528 811 669 866 hactenus
680 811 786 866 habere
799 806 1030 875 consueuerunt²‚
1044 789 1399 891 attachlamenta{',¹1²,¹,¹,‘,'J¹{³

159 898 284 953 felonum
299 908 327 953 et
344 899 423 967 pacis
439 908 535 955 nostre
551 899 778 969 perturbatorum
795 900 825 954 in
842 898 969 954 manerio
986 914 1037 952 suo
1053 898 1088 952 de
1102 899 1268 953 Cestertone
1281 891 1337 933 0⁰²·
1349 890 1407 942 ¹²³⁷·

158 988 235 1057 quod
244 998 286 1043 est
296 988 332 1043 de
339 988 457 1058 antiquo
467 987 610 1044 dominico
621 990 732 1045 Corone
740 997 837 1043 nostre
846 986 1017 1058 captorum³,
1028 998 1054 1041 et
1064 986 1157 1041 visum
1166 985 1267 1039 franci-

158 1074 242 1144 plegij
255 1074 292 1130 de
303 1075 466 1131 hominibus
479 1077 537 1132 suis
550 1077 676 1133 eiusdem
689 1076 816 1146 manerii,
829 1087 935 1131 etcum
949 1076 1080 1130 omnibus
1093 1074 1268 1129 libertatibus

157 1173 186 1218 et
197 1162 294 1219 liberis
307 1166 558 1221 consuetudinibus
571 1166 608 1222 ad
621 1165 698 1221 idem
714 1163 873 1220 manerium
890 1164 1093 1235 spectantibus,
1107 1173 1137 1218 tu
1150 1160 1267 1216 nichilo

158 1252 252 1305 minus
273 1270 325 1323 pro
347 1254 492 1308 uoluntate
513 1264 563 1309 tua
584 1265 611 1309 et
633 1254 741 1325 absque
762 1252 899 1307 mandato
922 1261 1018 1306 nostro
1038 1251 1083 1306 vel
1104 1249 1159 1304 alia
1181 1266 1268 1305 causa

158 1338 323 1394 racionabili
345 1339 372 1395 vi
396 1350 425 1394 et
450 1342 537 1395 armis
558 1341 699 1396 accedens
721 1341 758 1395 ad
779 1341 920 1410 prefatum
942 1338 1100 1393 manerium
1121 1348 1217 1408 portas
1239 1347 1267 1391 et

157 1425 232 1482 ostia
243 1427 362 1498 predicti
376 1429 481 1484 Prioris
494 1429 599 1485 ibidem
612 1428 719 1499 fregisti
733 1437 761 1483 et
775 1428 916 1500 quosdam
933 1426 1063 1482 homines
1080 1442 1130 1497 per
1146 1426 1267 1481 balliuos

160 1514 262 1569 Prioris
281 1515 399 1585 predicti
418 1516 454 1570 de
472 1517 575 1571 eodem
592 1515 719 1571 manerio
738 1532 789 1586 pro
808 1514 934 1586 quadam
951 1512 1176 1583 transgressione
1198 1512 1267 1583 ipsis

157 1600 291 1670 imposita
303 1610 402 1672 captos
414 1612 442 1656 et
457 1602 649 1673 inprisonatos
665 1611 747 1672 prout
765 1602 852 1656 moris
870 1609 913 1655 est
930 1600 1037 1655 ibidem
1054 1617 1072 1655 a
1088 1600 1202 1670 prisona
1219 1599 1267 1654 illa

157 1688 298 1744 extraxisti
312 1698 412 1744 ettam
425 1689 502 1760 ipsos
515 1689 643 1759 prisones
656 1706 744 1760 quam
753 1688 928 1744 Willelmurn
938 1688 1029 1759 Wlwy
1039 1698 1066 1743 et
1076 1689 1266 1743 Alexandrum

158 1774 194 1830 de
207 1776 319 1831 Cumba
330 1776 451 1831 balliuos
469 1778 587 1848 predicti
602 1777 706 1832 Prioris
724 1777 831 1831 ibidem
848 1776 947 1847 cepisti
964 1786 992 1832 et
1008 1793 1057 1831 eos
1073 1776 1150 1848 apud
1164 1778 1265 1831 Cante-

157 1862 278 1932 brigiarn
295 1863 484 1933 inprisonasti,
498 1874 525 1919 et
542 1882 591 1920 eos
608 1865 636 1919 in
654 1864 769 1935 prisona
787 1863 933 1919 detinuisti
953 1882 1102 1937 quousque
1120 1865 1266 1935 sexaginta

158 1951 263 2006 solidos
285 1969 303 2005 a
324 1952 441 2023 prefatis
461 1953 642 2024 inprisonatis
664 1969 715 2023 pro
733 1950 966 2024 defiberacioue]
985 1970 1037 2007 sua
1054 1952 1220 2009 extorsisses
1239 1962 1266 2008 et

157 2038 214 2093 alia
225 2039 353 2094 enormia
364 2038 405 2094 eis
419 2038 536 2094 intulisti
549 2041 587 2095 ad
598 2058 686 2111 graue
698 2041 856 2111 dampnum
869 2040 957 2110 ipsius
972 2040 1076 2095 Prioris
1088 2052 1116 2096 et
1129 2040 1266 2096 libertatis

157 2142 207 2180 sue
219 2126 357 2181 lesionem
369 2127 549 2182 manifestam
559 2138 587 2182 et
600 2137 699 2183 contra
710 2139 839 2184 tenorem
851 2138 993 2183 cartarum
1003 2137 1030 2183 et
1040 2128 1266 2183 confirmacionis

157 2221 253 2266 nostre
265 2212 462 2281 predictarum.
501 2215 538 2267 Et
551 2213 619 2284 quia
631 2213 763 2269 nolumus
775 2214 852 2283 quod
865 2213 958 2269 eidem
972 2214 1060 2269 Priori
1076 2214 1220 2268 iniurietur
1237 2214 1265 2268 in

157 2299 212 2354 hac
230 2310 317 2370 parte,
330 2301 381 2355 tibi
400 2301 571 2373 precipimus
589 2302 667 2372 quod
685 2302 709 2357 si
728 2300 769 2356 ita
786 2311 839 2368 est,
854 2312 921 2357 tunc
940 2301 1033 2357 eidem
1053 2302 1141 2356 Priori
1160 2312 1188 2357 et
1207 2302 1266 2358 suis

157 2389 313 2459 predictam
326 2390 492 2460 peccuniam
509 2390 547 2445 ab
564 2391 606 2446 eis
623 2390 664 2445 sic
680 2400 823 2445 extorsam
839 2390 900 2444 sine
912 2390 1051 2446 dilacione
1064 2390 1224 2459 restituatis,
1237 2402 1266 2447 et

157 2477 193 2532 de
205 2478 429 2548 transgressione
441 2479 568 2549 predicta
585 2479 743 2549 condignas
760 2478 896 2532 emendas
913 2478 955 2533 eis
968 2478 1072 2533 habere
1084 2477 1203 2546 faciatis,
1215 2496 1266 2551 per

157 2564 234 2635 quod
255 2582 312 2620 non
334 2575 462 2637 oporteat
483 2584 537 2622 nos
556 2584 673 2622 manum
692 2568 729 2622 ad
751 2567 806 2621 hoc
829 2566 909 2621 aliter
930 2583 1073 2637 apponere
1097 2567 1263 2637 grauiorem.

157 2654 244 2707 Teste
263 2653 417 2707 Edmundo
437 2654 548 2708 Comite
567 2655 709 2709 Cornubie
727 2655 942 2725 consanguineo
960 2665 1057 2709 nostro
1077 2657 1152 2727 apud
1171 2658 1264 2711 West-

156 2740 359 2796 monasterium
377 2740 425 2812 xiij
445 2742 491 2797 die
511 2742 643 2798 Octobris
661 2759 738 2798 anno
756 2745 836 2815 regni
855 2744 943 2799 nostri
962 2752 1017 2799 xv0.

186 2980 254 3047 115.
299 2966 402 3032 Breue
422 2969 525 3053 Regis
548 2968 795 3035 Coronatoribus
820 2970 1001 3037 Comitatus
1025 2971 1235 3055 Cantebngie.

210 3119 391 3194 E[dwardus]
412 3124 467 3178 Dei
484 3124 583 3194 gracia
600 3135 654 3181 etc.
672 3126 887 3181 coronatoribus
906 3126 1064 3182 Comitatus
1084 3124 1264 3195 cantebrigie
1279 3134 1346 3186 lttng

157 3210 284 3265 salutern.
1276 3186 1386 3278 {⁶3³⁶
1398 3185 1418 3225 1.

210 3298 240 3352 Si
274 3297 352 3352 Prior
383 3299 419 3353 de
451 3301 621 3355 Bernewelle
651 3300 748 3357 fecerit
779 3318 831 3356 uos
862 3317 976 3356 securos
1007 3303 1043 3357 de
1073 3303 1176 3357 clamio
1212 3320 1264 3357 suo
1277 3285 1431 3379 {ffi'gffm‘

156 3387 353 3457 prosequendo
372 3397 438 3442 tunc
457 3390 554 3460 ponite
575 3406 625 3460 per
648 3389 734 3445 uadia
758 3398 786 3445 et
812 3389 907 3445 saluos
932 3391 1040 3462 plegios
1062 3392 1203 3445 Thomam
1228 3391 1264 3445 de
1277 3387 1426 3480 ffiffiom'

157 3474 252 3529 Bellus
278 3473 470 3530 vicecomitem
496 3478 677 3549 Cantebrigie
701 3479 778 3549 quod
803 3478 839 3533 sit
864 3496 959 3534 coram
985 3480 1067 3533 nobis
1092 3480 1119 3533 in
1146 3479 1264 3534 Octabis
1277 3468 1398 3539 mnndtng

156 3560 245 3615 sancti
266 3560 378 3630 Hillarij
396 3563 556 3635 vbicunque
574 3564 710 3621 fuerimus
728 3566 757 3619 in
775 3566 879 3636 Anglia
904 3578 1066 3621 ostensurus
1090 3583 1176 3637 quare
1199 3583 1264 3620 cum
1277 3539 1382 3632 mi?

156 3649 232 3703 idem
252 3650 332 3704 Prior
349 3668 400 3720 per
417 3663 510 3707 cartas
528 3653 758 3723 predecessorum
783 3665 943 3709 nostrorum
963 3664 992 3709 et
1017 3654 1264 3709 confirmacionem
1277 3640 1427 3740 ἒξῆᾞξξ

155 3744 282 3791 nostram
300 3738 405 3793 habeat
422 3750 450 3794 et
469 3740 530 3810 ipse
546 3750 574 3795 et
586 3741 801 3811 predecessores
819 3741 861 3796 sui
879 3759 990 3812 semper
1006 3742 1144 3797 hactenus
1159 3742 1264 3797 habere
1277 3742 1404 3833 ffi‘ssgffi‘

154 3825 353 3880 consueuerint
368 3826 590 3882 attachiamenta
606 3827 731 3883 felonum
748 3839 776 3883 et
792 3828 871 3899 pacis
889 3838 982 3883 nostre
995 3830 1221 3899 perturbatorum
1233 3828 1263 3884 in
1277 3853 1301 3883 ιο
1311 3822 1376 3884 rtov'.

155 3912 282 3969 manerio
302 3930 354 3968 suo
375 3915 412 3969 de
433 3915 599 3971 Cestertone
618 3918 695 3988 quod
716 3927 759 3972 est
780 3916 817 3972 de
841 3918 957 3989 antiquo
981 3917 1125 3972 dominico
1151 3919 1262 3973 Corone
1274 3893 1336 3998 ξ’ἷ8

156 4010 251 4055 nostre
273 4002 435 4071 captorum³
453 4013 481 4057 et
500 4003 593 4059 visum
616 4004 790 4076 franciplegij
814 4005 850 4059 de
871 4005 1032 4060 hominibus
1055 4006 1113 4061 suis
1135 4005 1261 4061 eiusdem

155 4090 273 4159 manerij
294 4100 322 4145 et
344 4106 408 4144 cum
432 4091 563 4146 omnibus
575 4091 752 4147 libertatibus
775 4102 805 4147 et
828 4092 923 4147 liberis
948 4092 1201 4149 consuetudinibus
1225 4095 1261 4149 ad

155 4175 231 4231 idem
249 4178 406 4232 manerium
424 4179 637 4249 spectantibus3
656 4179 734 4235 idem
752 4179 912 4236 vicecomes
930 4198 982 4251 pro
999 4182 1145 4238 voluntate
1164 4198 1215 4237 sua
1233 4194 1262 4240 et

285 4331 294 4363 ¹
313 4333 403 4399 Regni,
418 4334 476 4385 MS.
871 4338 882 4367 '²
898 4338 1061 4399 consueverit,
1077 4338 1132 4389 MS.

620 4415 631 4446 ³
646 4427 756 4483 captum,
772 4418 830 4468 MS.
