3192 5067
154 281 186 380 1]
406 284 469 380 Of
484 284 532 357 K
529 283 597 381 ing
620 283 798 357 Edward
820 282 880 357 tte
905 284 1015 358 Fz'rst
1218 292 1265 379 63

154 466 283 533 clericis
298 470 463 533 decimam
481 472 579 533 unius
594 471 683 546 anni,
698 479 733 533 et
752 470 795 534 de
816 490 981 534 consensu
997 490 1084 554 pape
1100 472 1265 535 decimam

153 594 215 636 sex
231 593 407 650 annorum,
418 574 461 637 ad
474 572 752 658 proficiscendum
766 576 798 638 in
813 583 935 638 terram
948 585 1097 639 sanctam
1112 596 1119 653 ;
1137 585 1172 639 et
1189 575 1266 639 inde

152 680 290 741 taxacio
305 678 558 770 supramodum
575 680 687 762 grauis
703 680 793 743 iacta
808 690 868 756 est,
880 689 951 743 tam
967 680 1010 744 de
1026 680 1265 763 temporalibus

152 803 254 865 quam
281 783 516 866 spiritualibus.
563 785 641 848 Rex
669 784 878 848 Eadwardus
904 807 940 849 se
968 794 1123 868 preparat
1150 806 1264 849 uersus

153 896 276 950 terram
301 898 454 951 sanctam
477 899 512 953 et
535 889 666 952 diuerse
687 890 845 952 naciones
865 899 1002 972 propter
1020 909 1105 965 eum,
1122 890 1264 953 scientes

152 991 224 1053 eius
247 993 459 1073 probitatem.
504 992 625 1056 Grauis
647 993 815 1056 discordia
838 1002 912 1056 orta
935 1002 985 1057 est
1009 992 1096 1056 inter
1119 990 1324 1088 Rsssse¹¹¹¹3l⁵
1343 1003 1392 1089 13¹2

154 1095 293 1158 Francie
316 1104 350 1159 et
379 1096 506 1179 Regem
535 1096 669 1178 Anglie.
716 1096 794 1160 Rex
821 1097 1028 1160 Eadwardus
1052 1095 1413 1201 abiudicatusffiggeh„

152 1209 203 1262 est
226 1199 269 1263 de
290 1210 379 1264 terra
400 1200 574 1264 Vasconie.
631 1200 708 1263 Rex
731 1200 858 1283 Anglie
881 1219 971 1263 anno
995 1201 1086 1283 regni
1109 1201 1159 1263 sui
1184 1206 1263 1264 .xx⁰.
1277 1199 1382 1291 ξζξζζξ

153 1303 208 1385 iij⁰.
232 1304 335 1368 mittit
358 1306 544 1368 exercitum
568 1304 600 1367 in
625 1300 850 1379 Wasc'oniam,
868 1313 902 1366 et
926 1305 996 1385 ipse
1019 1304 1109 1386 apud
1134 1303 1263 1367 Fortes.
1277 1299 1402 1351 ῦαεεοιιγ.

153 1427 260 1471 mowe
275 1415 412 1490 paratus
432 1417 504 1471 erat
525 1409 567 1472 ad
590 1406 882 1471 transfretandum.
929 1407 1105 1470 Walenses
1121 1406 1263 1470 scientes
1277 1418 1374 1511 3333!

154 1510 282 1591 Regem
306 1510 532 1575 Eadwardum
554 1512 586 1574 in
608 1521 682 1574 arto
703 1512 859 1594 positum,
875 1512 994 1574 iterum
1016 1520 1153 1574 mouent
1168 1532 1262 1594 guer-
1277 1520 1410 1572 Wmm

153 1635 234 1689 ram,
263 1625 297 1679 et
327 1615 453 1680 iaciunt
490 1617 677 1700 Principem
708 1616 856 1680 Maddoc
893 1616 1051 1680 Lewelini
1084 1614 1198 1689 filium,
1229 1581 1334 1679 et-ffi'

152 1730 262 1784 castra
286 1720 389 1802 Regis
412 1730 633 1803 prosternunt.
688 1722 785 1785 Tunc
807 1722 885 1784 Rex
907 1722 1026 1783 iterum
1049 1720 1082 1783 in
1105 1719 1262 1782 Walliam

153 1826 255 1903 uadit,
278 1825 334 1889 vbi
357 1845 461 1907 equos
484 1833 518 1887 et
541 1824 686 1908 equites’
709 1825 864 1909 perdidit.
910 1824 1064 1888 Tandem
1088 1824 1263 1887 Walenses

151 1930 289 1993 veniunt
312 1931 355 1993 ad
380 1949 507 2012 pacem,
522 1941 556 1994 et
580 1929 728 1993 Maddoc
753 1930 911 2011 Princeps
934 1929 1038 2011 gratis
1061 1949 1096 1991 se
1118 1928 1263 1992 reddidit
1276 1940 1413 2034 gpfflggr

153 2035 249 2117 Regi.
304 2036 381 2099 Rex
404 2055 464 2117 per
485 2044 592 2098 totam
617 2034 778 2118 Angliam
804 2034 894 2116 capit
913 2033 1078 2096 decimam
1106 2053 1127 2095 a
1149 2032 1262 2115 laycis,
1278 2041 1416 2094 Mamme-

150 2148 283 2202 sextam
310 2160 331 2202 a
357 2137 585 2221 burgensibus,
609 2148 644 2202 et
670 2139 885 2202 medietatem
914 2158 933 2201 a
956 2137 1090 2213 clericis,
1113 2138 1156 2200 de
1179 2146 1261 2201 tem-

151 2241 320 2325 poralibus
362 2251 395 2306 et
436 2241 670 2324 spiritualibus.
732 2240 947 2324 Quapropter
984 2240 1080 2303 multi
1118 2240 1261 2323 religiosi

151 2346 325 2429 deponunt
362 2346 533 2423 familiam,
566 2353 600 2409 et
637 2345 723 2407 sicut
759 2344 903 2408 scolares
941 2344 1060 2407 uiuunt
1094 2346 1136 2407 ad
1172 2364 1262 2408 corn-

151 2456 312 2516 munam³.

205 2647 313 2701 Placita
330 2646 367 2701 de
382 2644 482 2700 iuratis
497 2655 525 2701 et
541 2644 639 2700 assisis
652 2660 750 2699 coram
765 2644 897 2715 Jobanne
910 2643 946 2699 de
960 2644 1103 2715 Berewyk,
1117 2643 1261 2699 Willelmo
1274 2648 1416 2742 ffpgpnlpfld

150 2736 187 2791 de
209 2736 358 2804 Ormesby,
378 2735 511 2804 johanne
536 2734 573 2789 de
599 2734 818 2803 Lythegreynes,
835 2733 967 2803 Jobanne
990 2732 1027 2788 de
1050 2733 1212 2803 Banquelle,
1232 2743 1260 2789 et
1273 2750 1367 2811 artene,

152 2824 305 2879 Lambertu
333 2824 370 2879 de
394 2822 598 2893 Trikyngkam,
622 2820 789 2892 Justiciarijs
818 2820 925 2875 domini
953 2821 1039 2889 Regis
1064 2820 1259 2877 itinerantibus
1273 2800 1424 2903 ξζιῶξῖηω,

150 2913 227 2984 apud
258 2910 471 2980 Cantebrigiam
496 2910 525 2965 in
551 2908 662 2965 octabis
689 2909 802 2964 Hillarii
829 2925 906 2965 anno
935 2909 1010 2977 regis
1036 2907 1083 2963 ΚΑ
1101 2906 1260 2980 E[dwardi]

149 3000 199 3055 tilii
219 2997 307 3071 Regis
327 2998 444 3054 Henrici
462 2997 599 3053 vicesimo
617 2998 747 3068 septimo.

203 3087 284 3142 Prior
305 3085 341 3142 de
362 3086 533 3142 Bernewelle
555 3086 744 3141 summonitus
765 3085 818 3140 luit
837 3084 875 3139 ad
893 3083 1124 3155 respondendum
1144 3083 1260 3139 domino
1273 3080 1387 3172 Qum

150 3174 247 3249 R[egi]
269 3175 306 3231 de
329 3175 435 3247 placito
459 3192 517 3247 quo
538 3186 663 3230 waranto
688 3176 793 3230 clamat
815 3175 921 3231 habere
942 3174 1035 3230 uisum
1054 3174 1143 3231 iranci
1165 3174 1259 3246 plegii,
1273 3180 1424 3270 gannatura

149 3263 382 3319 emendacionem
399 3263 490 3318 assise
506 3262 589 3334 panis
606 3273 634 3318 et
650 3262 770 3318 ceruisie
786 3261 874 3318 fracte
892 3262 920 3316 in
935 3262 1121 3317 Chestertone
1133 3272 1160 3316 et
1173 3279 1258 3317 unam
1273 3230 1391 3324 νίῗιοιῖἕῗ

150 3352 248 3407 leriam
275 3368 326 3422 per
349 3368 456 3405 annum
481 3352 510 3405 in
537 3350 692 3406 Bernewell
720 3359 773 3405 etc.
821 3351 858 3403 Et
887 3348 962 3420 prior
985 3350 1065 3403 uenit
1088 3358 1117 3404 et
1141 3366 1198 3419 quo
1221 3350 1258 3404 ad
1272 3332 1360 3435 ἓξὲξ
1374 3385 1422 3426 and

149 3440 277 3510 predicta
300 3440 393 3493 uisum
413 3449 441 3493 et
462 3438 696 3494 emendacionem
718 3437 787 3494 dicit
809 3438 885 3509 quod
907 3438 968 3508 ipse
989 3438 1093 3493 clamat
1114 3436 1259 3493 libertates
1272 3432 1421 3525 gffifffgn·

149 3527 211 3581 illas
225 3527 329 3582 habere
345 3528 375 3581 in
389 3527 583 3583 Chestertone.
622 3526 700 3582 Dicit
716 3526 792 3582 enim
806 3526 881 3598 quod
901 3527 1087 3581 Chestertone
1099 3525 1150 3581 luit
1163 3524 1259 3597 aliquo
1272 3533 1387 3576 chester-

149 3624 276 3685 tempore
288 3613 397 3670 domini
405 3614 545 3685 Johannis
559 3614 645 3683 Regis
657 3614 704 3668 aui
717 3612 825 3668 domini
840 3613 927 3683 Regis
940 3629 1015 3667 nunc
1028 3612 1075 3683 qui
1089 3628 1139 3683 per
1151 3623 1258 3668 cartam
1272 3588 1324 3626 ‘⁰¹¹‘

149 3720 229 3758 suam
246 3702 387 3759 concessit
404 3704 481 3774 quod
497 3702 574 3775 prior
590 3714 618 3757 et
635 3702 765 3757 canonici
781 3703 817 3756 de
835 3701 1006 3758 Bernewelle
1018 3711 1134 3756 teneant
1146 3701 1183 3756 de
1195 3702 1259 3772 ipso

149 3791 265 3845 domino
288 3805 354 3860 rege
379 3787 432 3861 [et]
453 3788 604 3845 heredibus
624 3788 683 3843 suis
704 3788 903 3859 inperpetuum
924 3788 1083 3857 predictam
1104 3788 1200 3843 villam
1222 3788 1258 3843 de

149 3878 335 3934 Chestertone
350 3896 416 3933 cum
433 3877 565 3933 omnibus
582 3878 763 3949 pertinenciis
779 3876 847 3945 suis,
860 3886 889 3931 et
901 3893 967 3931 cum
978 3877 1110 3932 omnibus
1123 3876 1257 3932 libertati·

147 3969 201 4021 bus
213 3978 241 4023 et
253 3967 350 4022 liberis
362 3966 615 4021 consuetudinibus
632 3966 690 4021 suis
708 3966 745 4021 ad
762 3966 838 4022 ieodi
856 3965 966 4020 tirmam
983 3982 1035 4036 pro
1052 3965 1168 4035 triginta
1179 3965 1258 4023 libris

148 4056 349 4125 sterlingorum.
357 4056 524 4111 blancorum
536 4071 705 4125 perannum
718 4065 771 4109 etc.
809 4054 847 4110 Et
862 4052 967 4124 profert
979 4053 1136 4125 predictam
1149 4063 1255 4109 cartam

197 4199 206 4233 ¹
224 4201 315 4266 Reges,
328 4200 385 4252 MS.
844 4199 856 4233 ²
871 4216 955 4266 eques,
970 4198 1028 4251 MS.

195 4280 207 4313 ⁸
222 4282 306 4333 When
316 4281 360 4333 the
372 4282 429 4334 MS.
442 4297 494 4331 was
504 4283 603 4333 written
615 4281 757 4332 two-thirds
766 4280 854 4332 cithia
864 4296 929 4347 page
940 4298 1005 4331 were
1017 4281 1060 4331 leit
1072 4280 1157 4331 blank.

195 4363 207 4395 ⁴
223 4364 286 4414 'l’his
302 4365 323 4414 is
339 4365 383 4415 the
398 4366 503 4431 reading
517 4366 546 4415 oi
560 4364 604 4416 the
622 4366 679 4416 MS.
712 4364 769 4415 The
785 4364 867 4415 scribe
883 4363 973 4415 should
990 4364 1055 4415 heve
1071 4365 1169 4415 written
1189 4380 1257 4415 enno

147 4448 306 4513 regniregis
412 4484 416 4491 ·
