3192 5067
156 367 213 466 v1]
439 368 635 443 Hundred
655 368 704 466 of
720 368 832 466 Long
856 368 957 442 Stow
1190 385 1259 458 245

219 550 352 615 Hattele
375 549 520 636 [Hatley
544 551 584 617 St
609 551 762 635 George].
810 550 978 616 Robertus
1004 550 1047 612 de
1073 548 1144 632 Sap
1170 557 1261 614 tenet

153 655 290 719 terciam
313 664 441 738 partem
466 654 554 719 feodi
578 654 606 738 .j.
628 654 744 718 militis
765 653 809 718 de
832 654 958 718 honore
982 653 1213 728 Richmondie,
1227 661 1261 716 et

155 758 256 825 debet
281 759 310 843 .j.
333 770 470 837 sectam,
493 770 526 824 et
549 768 642 824 tenet
664 758 693 842 .j.
716 760 832 824 hidam
864 758 1074 842 geldabilem.
1131 757 1261 822 Ibidem

154 864 324 945 Johannes
345 866 387 930 de
407 875 526 930 sancto
547 863 694 947 Georgio
708 874 800 928 tenet
813 863 843 947 .j.
858 862 971 927 hidam
995 862 1196 946 geldabilem
1219 861 1262 926 de

154 967 331 1034 heredibus
356 967 497 1034 Matilde
521 968 609 1032 Diue
632 969 674 1032 de
694 968 822 1033 honore
845 967 992 1032 Peuerel.
1038 967 1204 1031 Henricus
1218 965 1262 1031 de

154 1072 355 1157 Trumpiton
372 1073 481 1138 reddit
496 1073 685 1156 scutagium
702 1094 764 1157 pro
778 1094 828 1138 e0.

222 1176 344 1242 Caxton
367 1177 541 1262 [Caxton].
588 1176 811 1260 Baldewynus
835 1176 865 1240 Ie
887 1176 1030 1242 FreuiIIe
1050 1185 1142 1241 tenet
1164 1176 1262 1241 seoda

154 1281 195 1364 .ij.
220 1283 362 1347 militum
386 1282 429 1346 de
452 1281 550 1346 feodo
573 1281 644 1365 [de]
668 1280 853 1365 Scalar[iis]
877 1282 920 1345 de
946 1281 1084 1345 domino
1109 1281 1202 1364 Rege
1227 1280 1259 1343 in

154 1386 273 1469 capite,
288 1396 321 1450 et
337 1385 487 1451 defendit
502 1407 539 1450 se
557 1407 619 1470 pro
635 1385 684 1469 .vj.
700 1384 801 1468 hydis
819 1383 1051 1468 geldabilibus,
1066 1393 1100 1450 et
1115 1384 1216 1449 debet
1231 1384 1260 1468 .j.

155 1499 289 1566 sectam,
305 1499 338 1555 et
358 1491 402 1555 de
424 1489 552 1554 auxilio
567 1490 771 1554 vicecomitis
787 1489 862 1573 .viij.
883 1487 1009 1555 solidos
1030 1489 1085 1554 ‚xi
1106 1487 1260 1553 denarios

154 1602 188 1657 et
204 1593 232 1675 .j.
249 1594 477 1676 quadrantem.

218 1696 403 1762 Euaresdon
434 1697 643 1782 [Eversden].
705 1698 870 1762 Ricardus
904 1698 947 1762 de
977 1696 1137 1762 Audeuill
1167 1707 1261 1762 tenet

155 1800 288 1866 feodum
305 1801 334 1884 .j.
351 1802 465 1866 militis
488 1803 530 1866 de
552 1801 650 1866 feodo
667 1802 832 1866 Wiscardi
856 1801 987 1884 Leydet
1006 1812 1041 1866 et
1058 1801 1210 1866 defendit
1223 1822 1260 1866 se

154 1927 214 1988 pro
230 1928 266 1970 .v.
282 1905 369 1969 hidis
384 1916 419 1970 et
434 1904 573 1969 dimidia
588 1904 821 1988 geldabilibus‚
836 1915 871 1969 et
891 1906 991 1970 debet
1006 1925 1106 1970 vnam
1123 1916 1259 1982 sectam,

153 2020 187 2074 et
232 2009 274 2073 de
315 2009 442 2073 auxilio
482 2009 688 2074 vicecomitis
725 2030 798 2085 .v.s.‚
835 2019 870 2073 et
911 2009 1012 2074 debet
1053 2010 1259 2093 pontagium.

155 2112 322 2177 Robenus
352 2113 394 2177 de
425 2111 535 2176 Beche
565 2123 659 2177 tenet
689 2113 867 2178 dimidiam
898 2113 1013 2178 hidam
1050 2113 1259 2196 geidabilem.

156 2217 285 2282 Ibidem
310 2217 468 2282 Warinus
488 2216 718 2282 Torchenesse
742 2228 838 2283 tenet
860 2217 1035 2282 dimidiam
1054 2216 1167 2280 hidam
1191 2237 1258 2282 non

152 2322 353 2405 geldabilem
381 2325 423 2387 de
454 2322 580 2387 honore
613 2323 844 2400 Richmondie,
871 2332 905 2386 et
935 2321 1037 2387 debet
1066 2321 1093 2385 .i.
1124 2331 1259 2386 sectam.

154 2427 285 2491 Ibidem
310 2428 456 2509 Jacobus
483 2427 525 2491 de
554 2428 739 2492 Euerisden
767 2437 860 2492 tenet
882 2427 1054 2492 dimidiam
1079 2426 1192 2492 hidam
1216 2426 1259 2492 de

154 2529 252 2595 feodo
289 2530 437 2614 episcopi
477 2530 642 2614 Elyensis,
674 2541 708 2595 et
745 2530 846 2595 debet
876 2531 904 2595 .i.
935 2541 1070 2595 sectam.
1127 2530 1258 2595 Ibidem

154 2634 318 2698 Ricardus
349 2635 379 2698 le
408 2634 501 2699 Rous
528 2645 562 2699 et
590 2635 764 2720 Philippus
790 2645 907 2699 tenent
930 2635 958 2716 .j.
984 2635 1147 2718 virgatam
1172 2645 1258 2699 terre

152 2738 194 2802 de
233 2738 331 2802 feodo
368 2738 411 2802 de
449 2739 606 2804 Scalariis
643 2748 677 2802 et
714 2737 816 2802 debet
854 2739 881 2802 .i.
917 2749 1053 2815 sectam,
1087 2747 1121 2803 et
1157 2738 1258 2802 debet

152 2844 357 2927 pontagium.

217 2949 380 3015 caldecote
408 2947 626 3034 [Caidecote].
685 2948 858 3031 Iohannes
893 2947 980 3012 filius
1012 2949 1134 3033 Rogeri
1165 2958 1258 3013 tenet

150 3054 324 3119 dimidiam
351 3054 466 3118 hidam
494 3065 579 3118 terre
604 3052 780 3136 geldabilis
808 3075 868 3137 pro
893 3054 969 3117 ‚xvi
996 3064 1091 3136 parte
1116 3053 1204 3118 feodi
1228 3055 1256 3118 .i.

152 3159 266 3223 miIitis
286 3160 329 3223 de
352 3159 477 3222 honore
502 3157 733 3234 Richmondie‚
756 3169 790 3223 et
817 3158 918 3223 debet
940 3160 969 3222 .i.
992 3169 1128 3236 sectam,
1153 3169 1187 3224 ct
1213 3160 1257 3224 de

150 3263 278 3328 auxilio
304 3263 509 3328 vicecomitis
532 3262 626 3346 .vij.d.
674 3263 804 3328 Ibidem
827 3263 999 3346 Johannes
1029 3263 1132 3330 Croxi
1163 3274 1256 3328 tenet

149 3368 176 3431 .i.
193 3367 354 3450 virgatam
372 3375 457 3430 terre
480 3365 680 3448 geidabilem
705 3386 763 3449 per
785 3374 938 3448 quartam
963 3375 1091 3449 partem
1116 3365 1203 3430 feodi
1227 3366 1254 3431 .i.

150 3472 263 3536 militis
279 3474 321 3536 de
337 3471 436 3536 feodo
453 3471 588 3536 Peuerel
605 3472 637 3534 in
655 3471 787 3548 Orweli,
804 3482 838 3536 et
853 3473 954 3537 debet
969 3473 997 3537 .i.
1013 3482 1148 3550 sectam,
1162 3481 1196 3536 et
1211 3472 1255 3537 de

149 3577 277 3641 auxilio
299 3577 503 3641 vicecomitis
519 3575 582 3660 .vij.
603 3576 768 3654 denarios,
788 3585 823 3640 et
843 3576 886 3640 de
904 3575 1016 3640 warda
1039 3576 1147 3641 Castri
1171 3576 1254 3640 infra

149 3682 199 3744 .iii.
223 3701 330 3745 annos
349 3681 435 3744 ,xtat
459 3681 502 3745 ad
526 3683 609 3746 duas
628 3682 724 3746 vices.
772 3680 904 3745 Ibidem
928 3680 1144 3745 Theobaldus
1168 3680 1254 3745 filius

150 3785 306 3849 Fulconis
341 3795 432 3849 tenet
467 3785 642 3849 dimidiam
680 3784 794 3849 hidam
834 3794 919 3848 terre
956 3784 1157 3867 geldabilem
1194 3807 1255 3870 per

148 3901 302 3954 octauam
331 3899 460 3974 partem
492 3889 580 3954 feodi
609 3889 636 3973 .j.
667 3889 782 3954 militis
812 3888 856 3953 de
886 3888 985 3953 Ieodo
1014 3890 1057 3954 de
1087 3890 1343 3976 Scalariis,r.145

148 4005 181 4059 et
197 3993 297 4058 debet
313 3996 518 4078 pontagium.
567 3993 695 4059 Ibidem
719 3993 892 4077 Iohannes
912 3994 955 4058 de
977 3993 1138 4078 Eiington
1160 4005 1253 4060 tenet

147 4098 320 4163 dimidiam
348 4099 462 4164 hidam
486 4099 686 4182 geldabiiem
708 4100 751 4164 de
777 4098 904 4163 honore
932 4099 1194 4184 Rich[mondie]‚
1219 4111 1253 4164 et

147 4204 249 4268 debet
265 4205 470 4288 pontagium.

212 4307 251 4374 K
250 4309 392 4392 ingeston
408 4307 617 4392 [Kingston].
665 4308 835 4374 GaIfridus
850 4308 893 4372 de
910 4309 1031 4372 Bancis
1046 4320 1139 4374 tenet
1154 4309 1254 4374 seoda

147 4413 199 4477 ,iii
224 4413 368 4477 militum
396 4412 438 4477 de
468 4411 626 4479 Hamone
649 4413 757 4478 Peche
784 4435 860 4478 cum
885 4423 973 4480 terra
996 4414 1183 4480 Alexandri
1210 4415 1254 4480 de
