3192 5067
351 346 421 418 130
570 322 647 397 The
671 322 843 420 Eyrcnt
871 320 1101 419 Cambridge,
1137 338 1227 413 1272
1330 317 1451 419 [uoox

398 700 450 762 41.
498 680 739 765 cyrographum
762 690 873 744 contra
905 676 1103 741 Willelmum
1125 674 1165 739 dc
1186 669 1399 738 Dokcswrthc.

185 842 338 887 Wsslhmof
415 836 502 901 Item
529 837 572 901 de
599 834 770 899 Willelmo
796 835 841 898 de
868 832 1090 897 Dokeswrthe
1116 839 1151 894 et
1180 828 1248 891 suis
1278 822 1453 889 heredibus

185 896 281 988 effi
348 940 542 1022 homagium
568 960 628 1023 pro
653 940 801 1021 quodam
829 946 925 1022 prato
951 937 983 999 in
1007 934 1125 999 eadem
1149 931 1228 996 viIla
1249 939 1283 995 et
1305 944 1452 993 annuum

350 1043 517 1107 redditum
531 1094 538 1107 .
551 1065 628 1107 xxx
641 1092 648 1105 .
660 1042 881 1118 denariorum,
911 1042 1000 1105 vnde
1028 1036 1274 1123 cyrographum
1304 1032 1455 1097 similiter

350 1147 501 1213 leuatur¹.

366 1337 370 1343 ἢ
488 1405 539 1469 42.
584 1389 635 1452 De
656 1387 805 1469 homagii>
827 1386 967 1451 Domini
987 1384 1122 1449 Roberti
1142 1382 1180 1446 de
1201 1380 1327 1445 Insula}

188 1560 319 1654 ppffiftde
417 1550 503 1613 Item
535 1549 578 1613 de
607 1548 745 1612 domino
778 1548 928 1613 Roberto
963 1545 1006 1611 de
1044 1545 1158 1609 Insula
1192 1542 1386 1625 homagium
1421 1548 1455 1603 et

350 1676 499 1719 annuum
523 1654 750 1718 redditum.vi
763 1653 963 1718 .solid0rum
985 1672 1046 1735 pro
1069 1660 1157 1715 terra
1176 1668 1276 1732 quam
1298 1656 1391 1711 tenet
1413 1645 1455 1709 de

352 1758 448 1822 nobis
463 1757 497 1821 in
515 1758 715 1840 Ramptone.

603 2030 654 2094 43.
702 2010 822 2079 Contra
854 2011 1052 2077 Willelmum
1076 2012 1207 2077 Seman.

187 2182 302 2225 wmmu
419 2164 505 2228 Item
535 2166 578 2228 de
608 2164 779 2229 WiIIeImo
812 2166 936 2231 Seman
967 2165 1009 2229 de
1041 2158 1456 2247 Cantebrigia.v.solidos

188 2234 289 2276 semu.
350 2268 433 2351 et.ij
446 2268 616 2332 ,denarios
634 2270 736 2333 annui
758 2270 907 2334 redditus
927 2271 961 2332 in
982 2270 1100 2333 eadem
1123 2267 1350 2353 proquodam
1372 2284 1456 2328 mes·

351 2375 451 2457 uagio
466 2374 556 2458 quod
574 2372 650 2438 suit*

625 2639 678 2701 44
725 2620 846 2686 Contra
869 2620 1061 2685 Michnelem
1085 2618 1188 2703 Pylet.

190 2799 298 2842 uuum
420 2778 505 2841 Item
527 2778 570 2842 de
587 2777 752 2842 Michaele
774 2778 871 2860 Pylet
892 2797 995 2841 unum
1018 2776 1224 2859 mesuagium
1241 2798 1285 2840 ex
1302 2776 1457 2861 opposito

190 2851 270 2902 pm
351 2881 482 2965 gardini
503 2881 678 2964 hospitalis
699 2883 806 2946 sancti
828 2880 1019 2966 [Johannis]
1041 2901 1099 2965 per
1122 2880 1287 2944 uenellam
1311 2881 1456 2944 mediam

353 3005 456 3068 prope
473 2986 587 3068 ripam.

604 3223 655 3288 45.
703 3206 825 3274 Contra
847 3208 1070 3292 Reginaldum
1092 3208 1200 3271 Burel.

190 3380 312 3473 3522&
422 3366 507 3429 Item
534 3375 649 3429 contra
677 3366 903 3449 Reginaldum
932 3366 1029 3430 Burel
1056 3368 1099 3430 de
1131 3364 1375 3449 Scheperethe.
1390 3366 1458 3429 xii.

354 3470 509 3533 denarios
525 3470 625 3532 annui
642 3470 791 3533 redditus
808 3469 840 3532 in
858 3469 975 3533 eadem
992 3489 1067 3532 cum
1083 3478 1144 3534 etc.

593 3706 643 3786 46.
691 3705 813 3772 Contra
844 3704 1018 3771 Warinum
1041 3706 1219 3771 Mmaille.

191 3881 298 3974 ss'ssgffi'
422 3868 508 3931 Item
539 3877 654 3931 contra
684 3867 857 3933 Warinum
890 3868 1062 3933 Merueille
1091 3868 1134 3934 de
1173 3869 1458 3953 Barentonexij.

292 3942 314 3973 θ’
355 3973 508 4038 denarios
524 3974 625 4036 annui
642 3972 791 4039 redditus
807 3975 840 4039 in
853 3975 972 4039 eadem
989 3975 1080 4039 curia
1095 3984 1155 4038 etc.

404 4203 413 4234 ¹
431 4204 493 4254 Feet
504 4202 532 4253 oi
543 4204 626 4261 Fines,
637 4205 702 4256 Cose
714 4220 753 4268 25,
767 4206 822 4256 File
834 4222 875 4271 33,
888 4206 940 4256 No.
953 4224 977 4268 4.

403 4283 415 4316 ²
430 4286 486 4336 The
496 4294 613 4338 sentence
624 4288 645 4337 is
655 4288 805 4337 unfinirhed.
838 4288 894 4339 The
906 4288 986 4339 scribe
997 4288 1043 4339 hes
1054 4286 1182 4353 evidently
1192 4287 1317 4353 torgotten
1331 4288 1374 4338 the
1385 4302 1459 4337 neme

355 4367 384 4417 oi
392 4384 462 4419 some
472 4368 589 4434 previous
599 4384 692 4419 owner.
