3192 5067
344 327 415 418 284
659 329 697 402 T
690 338 822 404 mnis
848 329 889 402 in
918 327 1138 427 Cambn'dge
1326 327 1459 429 [8001

405 512 593 580 Willelmus
617 515 729 580 Pittok
753 526 846 581 tenet
868 535 971 580 vnum
997 515 1204 599 mesuagium
1229 516 1264 579 in
1287 515 1459 598 parochia

340 617 455 682 Sancti
479 618 663 684 Clementis
684 621 718 682 in
739 619 865 702 angulo
884 620 982 683 iuxta
1002 630 1150 703 pontem,
1164 629 1199 683 et
1220 619 1334 684 reddit
1349 619 1457 700 xijat
1578 676 1579 697 ,

342 720 453 786 Debet
467 722 604 787 obolum
620 723 664 788 ad
679 723 894 806 hagabulum.
1578 806 1579 809 Ἴ

405 824 596 890 Willelmus
619 827 743 893 Seman
768 837 861 892 tenet
880 848 983 892 vnum
1007 827 1213 910 mesuagium
1235 829 1268 890 in
1286 829 1457 911 parochia

341 928 456 993 Sancti
474 929 638 1012 johannis
659 931 692 994 in
714 930 934 1014 Strawylane‚
949 941 984 996 et
999 931 1109 996 reddit
1124 952 1184 1014 per
1198 952 1324 996 annum
1346 932 1457 1013 siju

407 1032 503 1098 Idem
535 1033 722 1099 Wilielmus
757 1044 850 1099 tenet
881 1055 983 1099 vnum
1017 1037 1225 1118 mesuagium
1256 1036 1290 1098 in
1325 1035 1454 1100 eadem

341 1139 498 1220 parochia
521 1159 621 1222 super
644 1140 831 1204 cornerium
855 1140 899 1204 de
923 1140 1134 1222 Strawyiane
1157 1149 1193 1204 et
1216 1140 1325 1204 reddit
1351 1141 1425 1222 ijs.

408 1241 516 1306 Alicia
543 1242 719 1308 Godeman
747 1253 841 1309 tenet
862 1266 966 1308 vnum
994 1245 1202 1328 mesuagium
1229 1246 1262 1309 in
1289 1246 1457 1328 parochia

342 1345 456 1411 Sancti
480 1345 662 1412 Clementis
690 1349 785 1412 iuxta
813 1351 1020 1432 mesuagium
1050 1349 1185 1413 Ricardi
1209 1349 1392 1424 Laurence,
1417 1361 1456 1414 et

340 1452 450 1514 reddit
473 1451 573 1534 ,xijui

407 1555 569 1620 Ricardus
596 1555 767 1620 Laurente
793 1567 887 1622 tenet
913 1578 1013 1622 vnam
1039 1560 1179 1624 domum
1206 1559 1239 1622 in
1263 1557 1392 1636 hulmo,
1417 1569 1455 1622 et

340 1659 449 1724 reddit
472 1681 531 1743 per
553 1680 679 1725 annum
703 1659 776 1743 rjai.

404 1763 575 1848 Johannes
611 1765 677 1828 But
713 1775 807 1830 tenet
842 1786 945 1831 vnum
982 1767 1191 1851 mesuagium
1224 1769 1257 1831 in
1288 1766 1455 1850 parochia

342 1864 456 1929 Sancti
487 1864 670 1930 Clementis
701 1865 797 1929 iuxta
827 1867 1035 1950 mesuagium
1063 1887 1160 1931 suum
1187 1875 1222 1930 et
1252 1865 1363 1930 reddit
1390 1887 1457 1949 per

341 1987 464 2031 annum
487 1988 550 2032 ‚vm
573 1966 647 2049 ‚ij.d.

407 2073 502 2136 Idem
533 2071 706 2156 Johannes
735 2083 828 2138 tenet
852 2095 954 2139 vnum
985 2075 1193 2159 mesuagium
1224 2074 1258 2137 in
1289 2073 1456 2155 parochia

342 2178 456 2244 Sancti
481 2177 569 2240 Petri
593 2177 680 2241 vltra
702 2188 851 2260 pontem,
874 2189 909 2242 et
931 2179 1041 2243 reddit
1064 2201 1124 2262 per
1144 2198 1270 2242 annum
1294 2175 1363 2258 ijs.

250 2284 267 2332 t.
283 2283 324 2334 161
408 2280 571 2344 Ricardus
587 2280 630 2344 de
646 2281 788 2344 Parham
805 2291 897 2346 tenet
908 2303 1009 2346 vnum
1023 2283 1231 2365 mesuagium
1244 2281 1276 2343 in
1290 2280 1455 2363 parochia

343 2385 457 2450 Sancti
481 2383 665 2449 Clementis
688 2385 785 2450 iuxta
812 2387 1020 2470 mesuagium
1050 2385 1184 2450 Ricardi
1208 2385 1251 2449 de
1276 2384 1393 2466 Leyk’,
1414 2399 1455 2450 et
1578 2396 1579 2473 Τ

341 2488 450 2554 reddit
473 2489 549 2572 ‚iijs
573 2497 608 2553 et
630 2488 659 2571 .j.
683 2490 802 2554 libram
829 2490 964 2573 ciminij.
1578 2486 1579 2509 ³

405 2591 573 2657 Walterus
585 2593 627 2657 de
639 2592 794 2676 Horseya
805 2601 898 2659 tenet
907 2614 1010 2658 vnum
1023 2593 1230 2676 mesuagium
1244 2594 1277 2656 in
1290 2592 1454 2674 parochia
1578 2582 1579 2593 ¹

341 2696 456 2762 Sancti
470 2697 653 2763 Clementis
669 2697 765 2760 iuxta
778 2698 985 2780 mesuagium
998 2697 1079 2762 dicti
1093 2697 1227 2761 Ricardi
1239 2696 1282 2760 de
1295 2696 1453 2774 Parham,

341 2813 375 2866 et
390 2803 499 2866 reddit
515 2801 544 2886 .j.
557 2820 711 2867 marcam.

407 2906 511 2970 Filius
539 2906 729 2989 Margarete
750 2907 794 2970 de
817 2906 909 2971 Aula
932 2917 1025 2972 tenet
1046 2926 1149 2971 vnum
1176 2906 1385 2988 mesuagium
1414 2906 1450 2969 in

342 3011 459 3076 eadem
472 3011 629 3095 parochia
645 3011 741 3077 iuxta
756 3011 965 3095 mesuagium
977 3012 1058 3076 dicti
1071 3011 1211 3075 Walteri
1223 3010 1266 3074 de
1284 3009 1451 3092 Horseya,

341 3126 376 3181 et
391 3117 501 3182 reddit
515 3115 647 3198 ,xviijrt

408 3220 577 3286 Robertus
605 3219 730 3304 Tuylet
760 3228 854 3286 tenet
883 3240 985 3286 vnam
1019 3219 1193 3303 grangiam
1225 3219 1258 3282 in
1290 3217 1450 3302 parochia

342 3324 504 3390 Omnium
526 3323 725 3390 Sanctorum
747 3326 845 3389 iuxta
866 3323 1052 3402 Barbekan,
1072 3333 1107 3388 et
1127 3323 1238 3387 reddit
1259 3321 1347 3404 ‚iiij.5.
1363 3321 1450 3403 ‚vjd

408 3429 574 3494 Henricus
605 3429 729 3512 Tuylet
759 3439 852 3494 tenet
878 3448 978 3494 unam
1009 3429 1184 3512 grangiam
1215 3448 1261 3492 ex
1290 3427 1450 3510 opposito

342 3533 479 3598 ecclesIe
505 3533 667 3600 Omnium
695 3534 896 3600 Sanctorum
923 3534 966 3600 ad
998 3533 1163 3611 Castrum,
1189 3542 1223 3597 et
1249 3533 1359 3596 reddit
1388 3552 1451 3614 per

341 3657 466 3702 annum
490 3636 590 3721 siju.
1011 3639 1168 3723 [Summa
1182 3637 1329 3702 xxxix!
1342 3633 1450 3720 .viij.‘¹]
1578 3666 1579 3723 r
