3192 5067
336 324 404 415 158
431 319 561 393 House
579 319 620 392 in
641 319 862 416 Cambridge
878 318 930 391 let
946 326 982 391 to
1000 316 1135 409 Hemy
1152 316 1189 389 T
1185 316 1298 414 uyllel
1315 268 1454 415 [Boou¹

501 548 550 611 80.
595 544 762 610 Placitum
785 555 896 609 centra
918 544 1100 609 Henn'cum
1129 544 1160 607 T
1157 544 1263 627 uyllet.

165 698 279 789 mm
397 681 563 745 Henricus
585 682 722 765 Tuyllet
741 682 784 745 de
806 681 1022 765 cantebrigia
1043 683 1151 746 tenuit
1171 682 1343 764 quoddam
1367 702 1435 745 me-

165 798 278 902 aggtilreetd
330 786 482 869 suagium
496 786 559 870 [in]
572 787 788 868 Cantebrigia
804 788 847 849 de
864 787 975 849 Priore
991 786 1034 850 de
1051 786 1253 849 Bernewelle
1266 786 1436 851 reddendo

166 900 315 993 isduff'ine
330 887 408 951 inde
434 887 612 952 duodecim
643 888 797 951 denarios
824 908 883 971 per
907 908 1040 951 annum.
1088 888 1246 950 Processu
1277 890 1436 973 temporis

165 1001 291 1093 gfff„
330 994 447 1057 videns
463 994 652 1058 Willelmus
669 993 806 1076 Tuyllet
821 995 910 1077 quod
927 993 1036 1057 dictus
1055 992 1249 1077 H[enricus]
1265 991 1436 1056 filiuseius

165 1100 301 1193 33ng
330 1098 363 1161 in
399 1107 532 1161 tantum
565 1098 814 1181 depauperatus
848 1108 919 1161 erat
946 1099 1035 1180 quod
1068 1117 1134 1160 non
1169 1096 1355 1161 sufficiebat
1392 1097 1434 1159 ad

165 1201 258 1294 {3322
330 1202 507 1266 domorum
534 1224 670 1267 suarum
698 1204 958 1286 reparacionem,
985 1203 1173 1284 sumptibus
1203 1202 1271 1265 suis
1296 1202 1436 1284 propriis

166 1304 302 1395 ξξξζζζῇῑο
330 1304 408 1370 lecit
430 1307 550 1371 domos
566 1308 624 1371 filii
641 1308 692 1371 sui
709 1310 863 1391 reparari,
880 1309 952 1390 ipso
967 1306 1202 1369 nichilominus
1223 1305 1290 1369 filio
1306 1326 1437 1388 semper

165 1403 277 1446 ΝΜ·
330 1410 547 1488 inhabitante,
563 1422 597 1475 et
612 1422 738 1476 statum
755 1432 852 1476 suum
875 1432 940 1473 non
965 1420 1125 1473 mutante.
1171 1411 1435 1492 Verumptamen

330 1516 416 1579 inter
430 1526 541 1579 cetera
550 1516 698 1581 hostium
714 1517 836 1581 domus
848 1537 907 1599 per
922 1516 1013 1599 quod
1027 1515 1140 1579 balliui
1156 1515 1275 1579 Prioris
1284 1516 1437 1579 solebant

329 1621 453 1685 intrare
468 1622 512 1685 ad
528 1621 797 1706 distringendum
820 1642 881 1705 pro
901 1620 1033 1685 redditu
1051 1620 1170 1684 Prioris
1185 1622 1388 1703 obstupauit,
1403 1630 1437 1684 et

331 1745 461 1789 murum
483 1726 608 1790 ibidem
632 1726 719 1804 lecit,
735 1738 769 1791 et
789 1728 887 1791 iuxta
908 1727 1046 1789 domum
1068 1725 1159 1789 illam
1181 1746 1280 1808 super
1301 1724 1436 1789 feodum

329 1828 478 1893 alienum
502 1840 618 1914 portas
648 1852 725 1895 suas
752 1829 839 1908 lecit,
864 1851 924 1914 per
953 1852 1037 1914 quas
1063 1830 1180 1894 habuit
1203 1831 1387 1913 ingressum
1403 1840 1436 1894 et

330 1954 511 2017 egressum.
556 1935 686 1999 Videns
706 1956 786 2018 ergo
810 1936 903 1999 Prior
925 1935 1016 2019 quod
1040 1956 1107 1998 non
1130 1936 1240 2019 potuit
1264 1936 1437 2019 peruenire

330 2039 373 2102 ad
404 2037 672 2121 distringendum
704 2037 838 2103 seodum
864 2059 960 2103 suurn
991 2061 1052 2123 pro
1080 2040 1210 2103 redditu
1242 2041 1298 2123 qui
1326 2039 1389 2102 sibi
1417 2060 1437 2102 a

331 2152 419 2205 retro
434 2151 505 2205 erat
521 2142 584 2205 nisi
601 2142 779 2206 transitum
795 2141 920 2207 laceret
941 2165 1000 2227 per
1021 2143 1157 2208 seodum
1174 2143 1329 2220 alienum,
1345 2142 1435 2225 quod

330 2266 397 2309 non
414 2246 516 2323 licuit,
531 2247 724 2329 impetrauit
746 2248 848 2311 breue
869 2269 957 2312 noue
975 2248 1150 2313 disseisine
1170 2269 1270 2331 super
1288 2248 1432 2312 eundem

332 2348 525 2426 Henricum‚
541 2360 603 2414 etc.

735 2507 785 2569 81.
830 2504 1031 2570 Irrolulacio.

167 2646 221 2689 'rue
230 2646 300 2689 Prior
381 2640 490 2708 Assysa
501 2638 579 2693 uenit
590 2639 769 2708 recognitura
781 2640 806 2694 si
821 2640 962 2695 Henricus
975 2641 1087 2707 Tuyllet
1100 2641 1204 2696 iniuste
1217 2651 1269 2697 etc.
1282 2642 1436 2700 disseisiuit

166 2699 294 2791 ζ’,ὂῖζῗῗῇ
331 2727 455 2782 Priorem
472 2727 507 2781 de
525 2728 696 2782 Bernewelle
714 2728 751 2781 de
768 2727 857 2781 libero
875 2738 1036 2783 tenemento
1055 2744 1107 2783 suo
1122 2726 1150 2782 in
1171 2729 1354 2800 cantebrigia
1371 2740 1436 2801 post

165 2799 291 2891 mdxii?
329 2816 450 2885 primam
463 2814 725 2870 transiretacionem
737 2824 790 2870 etc.
819 2816 857 2870 Et
867 2816 940 2870 vnde
954 2814 1079 2887 queritur
1088 2816 1164 2887 quod
1177 2816 1334 2871 disseisitus
1345 2828 1388 2873 est
1400 2818 1436 2873 de

166 2911 268 2991 Tssflffit
330 2902 481 2957 duodecim
499 2901 624 2971 denariis
643 2900 875 2971 prouenientibus
894 2902 930 2955 de
948 2902 1071 2972 quodam
1090 2902 1236 2972 mesuagio
1252 2904 1328 2975 quod
1343 2904 1437 2975 posuit

167 2962 248 3061 sorite
330 2989 360 3042 in
386 2991 448 3043 visu
475 3005 533 3052 suo,
556 2988 596 3042 ita
620 2988 727 3044 scilicet
752 2989 830 3059 quod
854 2988 902 3043 ubi
926 2986 1095 3057 distringere
1117 2990 1210 3059 potuit
1234 3007 1285 3061 pro
1309 2990 1436 3061 predicto

167 3050 290 3095 ΜΨ·
330 3077 449 3144 redditu,
458 3095 525 3132 cum
534 3094 552 3132 a
562 3088 636 3131 retro
646 3076 735 3143 luerit,
746 3076 889 3147 predictus
901 3074 1065 3147 H[enricus]
1075 3076 1233 3147 predictum
1243 3087 1436 3134 tenementum

330 3167 455 3237 quodam
469 3182 550 3219 muro
568 3164 689 3232 inclusit,
702 3164 853 3236 quominus
869 3175 1062 3219 tenementum
1080 3165 1237 3235 predictum
1256 3183 1307 3237 pro
1326 3166 1437 3222 redditu

330 3252 457 3323 predicto
470 3253 638 3323 distringere
650 3262 743 3323 potest
756 3262 809 3307 etc.

384 3346 422 3397 Et
445 3342 586 3397 Henricus
607 3340 685 3395 uenit
703 3351 730 3396 et
751 3341 820 3397 dicit
840 3342 917 3411 quod
939 3341 1000 3411 ipse
1019 3342 1125 3396 nullam
1151 3342 1281 3397 iniuriam
1302 3342 1367 3398 lecit
1389 3355 1437 3399 aut

330 3430 518 3485 disseisinam.
578 3429 655 3483 Dicit
686 3428 763 3483 enim
794 3430 871 3499 quod
901 3430 1018 3500 quidam
1048 3430 1207 3483 Willelmus
1238 3440 1319 3500 pater
1348 3430 1437 3500 ipsius

332 3519 449 3575 Henrici
468 3520 548 3575 cuius
566 3520 649 3574 heres
668 3517 729 3589 ipse
747 3529 791 3573 est
810 3518 967 3589 predictum
986 3528 1179 3574 tenementum
1198 3520 1274 3590 quod
1293 3520 1388 3590 posuit
1407 3520 1436 3575 in

330 3608 393 3662 visu
412 3624 464 3661 suo
483 3606 606 3672 inclusit,
625 3616 653 3659 et
673 3615 733 3661 toto
752 3615 880 3676 tempore
898 3622 949 3661 suo
970 3607 1111 3662 inclusum
1132 3608 1229 3662 tenuit.
1268 3609 1335 3663 Post
1357 3608 1436 3664 cuius

331 3703 450 3748 mortem
463 3693 525 3763 ipse
538 3691 708 3747 successitei
719 3691 748 3746 in
762 3692 863 3747 eodem
875 3702 905 3747 ut
915 3692 989 3747 filius
999 3694 1059 3748 eius
1068 3703 1097 3748 et
1106 3694 1196 3761 heres,
1205 3704 1234 3749 et
1244 3704 1436 3751 tenementum

330 3782 399 3837 illud
415 3782 555 3837 inclusum
568 3780 683 3848 inuenit,
697 3789 725 3836 et
738 3790 844 3836 statum
857 3781 935 3836 illum
947 3781 1092 3852 hucusque
1104 3781 1298 3847 continuauit;
1316 3793 1344 3837 et
1361 3784 1437 3854 quod

330 3871 415 3927 aliam
428 3869 560 3926 iniuriam
573 3886 629 3924 non
643 3869 709 3925 lecit
721 3869 801 3940 ponit
814 3886 845 3924 se
858 3887 942 3941 super
954 3886 1089 3940 assysam.

382 3960 527 4030 Juratores
537 3958 635 4013 dicunt
644 3974 729 4028 super
738 3969 948 4014 sacramentum
959 3976 1041 4013 suum
1051 3960 1127 4030 quod
1140 3960 1283 4029 predictus
1295 3959 1437 4015 Henricus

330 4066 389 4103 non
414 4048 528 4103 inclusit
552 4046 710 4117 predictum
732 4057 927 4103 tenementum
950 4048 1077 4117 predicto
1101 4064 1190 4102 muro.
1230 4048 1337 4102 Dicunt
1361 4050 1436 4103 enim

331 4137 408 4209 quod
433 4136 574 4205 predictus
598 4135 758 4189 Willelmus
782 4145 864 4205 pater
892 4134 980 4204 ipsius
1007 4134 1125 4189 Henrici
1151 4144 1342 4191 tenementum
1368 4136 1436 4191 illud

332 4225 454 4281 inclusit.

385 4314 424 4369 Et
442 4313 507 4369 ideo
524 4311 736 4367 consideratum
754 4320 798 4365 est
816 4312 893 4382 quod
910 4310 1053 4381 predictus
1074 4311 1154 4365 Prior
1171 4310 1257 4365 nichil
1277 4312 1371 4382 capiat
1387 4330 1437 4383 per

331 4419 459 4472 assysam
473 4402 565 4468 istam,
578 4400 629 4455 sed
643 4400 721 4455 sitin
733 4400 927 4455 misericordia
939 4417 990 4471 pro
1003 4400 1074 4455 lalso
1087 4400 1211 4455 clamore
1223 4410 1275 4455 etc.
