3192 5067
151 317 208 418 v1]
480 322 676 396 Hundred
695 322 745 418 of
762 323 893 396 Staius
1186 333 1253 400 261

145 507 327 593 socagium.
374 509 469 574 Idem
491 508 689 594 W[alterus]
710 518 745 574 et
765 509 945 593 participes
966 510 1017 575 sui
1038 520 1154 576 tenent
1176 511 1257 577 ‚xlii

146 631 239 677 acras
251 623 337 679 terre
347 615 392 679 de
404 613 503 680 feodo
512 613 555 680 de
565 614 677 700 Burgo
688 635 748 698 per
759 615 942 698 socagium,
951 624 986 680 et
996 614 1121 680 debent
1130 625 1255 681 sectam

145 738 204 802 per
227 739 362 798 annum,
384 729 419 785 et
442 719 544 785 iidem
567 720 693 786 debent
716 740 775 804 per
797 740 924 786 annum
947 719 1046 804 niijn
1063 721 1107 786 de
1128 720 1257 787 auxilio

145 822 360 890 vicecomitis,
405 825 444 892 B.

211 928 372 994 Fodlram¹
403 927 613 1014 [Fordham].
661 929 828 994 Henricus
861 928 905 993 de
936 929 1133 994 Kemesech’
1163 940 1255 997 tenet

145 1031 281 1098 feodum
293 1032 424 1098 dimidii
440 1033 555 1098 militis
567 1034 610 1098 de
621 1033 761 1098 domino
774 1033 869 1116 Rege
881 1032 915 1096 in
930 1033 1049 1116 capite.
1088 1033 1256 1100 Robertus

145 1135 177 1200 le
200 1137 331 1219 Noreys
356 1145 449 1202 tenet
475 1135 611 1201 feodum
634 1136 765 1200 dimidii
789 1136 904 1202 militis
930 1136 973 1202 de
999 1136 1137 1202 domino
1161 1138 1255 1222 Rege

146 1241 177 1304 in
200 1242 317 1325 capite.
365 1241 495 1306 Ibidem
517 1250 596 1305 sunt
616 1239 660 1305 de
676 1240 873 1306 Dodeshide
892 1250 926 1306 et
947 1240 1049 1306 debet
1069 1251 1206 1319 sectam,
1220 1252 1255 1308 et

147 1343 377 1427 Rumpeshide
399 1352 433 1408 et
457 1343 558 1408 debet
582 1352 720 1420 sectam,
743 1354 778 1408 et
801 1343 880 1408 vilia
907 1364 975 1409 non
1001 1344 1103 1409 debet
1127 1354 1254 1410 sectam

145 1466 253 1530 neque
275 1445 440 1510 auxilium
463 1446 678 1512 vicecomitis.

209 1549 432 1635 Badlinglram
448 1550 688 1635 [Badiingham
709 1553 743 1617 in
760 1552 1019 1638 Chippenham].
1064 1554 1255 1621 Euerardus

144 1655 175 1720 le
192 1655 360 1739 Franceys
376 1665 470 1720 tenet
490 1656 626 1722 feodum
643 1656 672 1740 .j.
689 1657 806 1723 militis
820 1659 865 1722 de
879 1658 1006 1723 honore
1023 1659 1254 1727 Richmondie

146 1759 277 1824 Ibidem
292 1759 394 1824 debet
413 1770 540 1825 sectam
564 1770 598 1825 et
618 1760 661 1826 de
679 1762 808 1826 auxilio
822 1763 1029 1828 vicecomitis
1050 1784 1109 1846 per
1128 1785 1254 1830 annum

143 1862 209 1947 ijs.
256 1863 386 1930 ibidem
403 1875 481 1928 sunt
497 1863 550 1947 iij.
566 1864 645 1930 hide
660 1875 694 1930 et
710 1865 851 1931 dimidia
865 1865 1071 1950 geldabiles².

412 2120 618 2184 Hundredus
638 2119 677 2184 de
701 2120 806 2186 Stant
828 2119 986 2206 [Staine].

209 2257 427 2324 Bodekeskam
449 2259 678 2343 [Bottisham].
723 2261 914 2325 Willelmus
938 2260 1024 2326 filius
1052 2259 1189 2325 Martini
1219 2269 1284 2327 ets.
1301 2292 1342 2341 ¹51

143 2361 314 2444 Johannes
337 2363 379 2427 de
404 2363 501 2427 Relle
521 2372 638 2428 tenent
660 2363 758 2428 seoda
778 2364 821 2446 .ij.
842 2364 986 2428 militum
1002 2365 1045 2430 de
1064 2365 1190 2429 honore
1210 2364 1254 2429 de

145 2465 367 2550 Bukingham.
414 2467 545 2532 Ibidem
581 2469 682 2534 debet
720 2467 924 2534 Eustachius
953 2469 997 2534 de
1027 2469 1060 2534 la
1095 2470 1190 2534 Lade
1222 2468 1253 2552 .j.

144 2579 269 2634 sectam
282 2582 317 2636 et
331 2572 435 2656 Hugo
448 2571 533 2636 filius
546 2573 728 2657 Augustini
741 2573 770 2657 .j.
782 2584 909 2638 sectam
923 2594 984 2658 pro
995 2575 1156 2639 comitatu
1168 2595 1252 2658 quas

143 2675 243 2739 debet
259 2697 319 2759 pro
336 2686 407 2740 tota
419 2677 541 2742 villata.
581 2678 712 2744 Ibidem
728 2689 808 2743 sunt
819 2701 861 2744 .x.
873 2679 952 2744 hide
964 2690 1049 2744 terre
1060 2679 1252 2762 geldabiles,

142 2790 176 2844 et
192 2791 264 2844 tota
279 2779 358 2844 villa
373 2781 473 2846 debet
485 2781 526 2865 .ij.
539 2803 667 2847 marcas
682 2782 725 2847 de
737 2783 866 2847 auxilio
877 2783 1081 2848 vicecomitis
1092 2793 1127 2848 et
1139 2783 1252 2848 franco

144 2884 263 2968 plegio.

211 2987 315 3069 Queye
337 2987 453 3072 [Quy].
501 2989 688 3054 Willelmus
711 2990 754 3055 de
777 2990 931 3078 Hobrig}
953 3001 1046 3056 tenet
1066 2991 1201 3056 feodum
1223 2993 1252 3075 .j.

145 3095 258 3158 militis
273 3095 316 3159 de
331 3095 489 3178 episcopo
510 3095 657 3179 Elyensi,
672 3105 706 3160 et
721 3095 823 3160 debet
837 3095 867 3178 .j.
883 3105 1018 3161 sectam.
1064 3097 1252 3162 Wilielmus

142 3199 185 3263 de
209 3197 326 3280 Queye
351 3209 443 3262 tenet
466 3199 499 3262 in
524 3199 643 3282 Queye
672 3208 707 3264 et
737 3198 771 3263 in
799 3199 934 3264 Hatteli
957 3199 1092 3266 feodum
1122 3201 1251 3265 dimidii

144 3303 256 3366 militis
283 3304 326 3367 de
350 3303 522 3368 Wiilelmo
551 3303 594 3370 de
627 3304 781 3390 Hobrigfi
810 3305 867 3388 qui
897 3313 990 3369 tenet
1014 3306 1048 3369 in
1075 3306 1186 3389 capite
1209 3306 1252 3369 de

142 3408 280 3472 domino
319 3407 420 3491 Rege.
467 3408 560 3473 Idem
600 3406 788 3472 Willelmus
823 3409 867 3472 de
899 3407 1029 3493 Hobri}
1057 3408 1159 3474 debet
1194 3430 1253 3494 per

142 3530 267 3574 annum
297 3511 340 3574 de
370 3511 499 3576 auxilio
536 3510 742 3575 vicecomitis
780 3531 842 3592 pro
879 3509 1008 3594 Queye,
1047 3510 1251 3589 Bokeswrth,

143 3613 297 3692 Coniton‚
319 3614 437 3693 Beche,
459 3614 649 3691 Grandene,
674 3613 823 3688 Hattele‚
846 3633 915 3678 .x.5.
961 3613 1129 3679 Albricius
1150 3614 1251 3679 debet

142 3727 278 3782 sectam.

208 3822 456 3906 Stowe[Stow].
495 3822 685 3887 Willelmus
699 3821 865 3904 Engayne
875 3830 968 3885 tenet
983 3820 1118 3886 feodum
1134 3823 1251 3907 ,xxvii

143 3926 246 4009 partis
272 3927 300 3989 .i.
331 3927 445 3990 militis
475 3927 518 3990 de
547 3925 645 3990 feodo
675 3925 808 3989 abbatis
838 3924 882 3989 de
912 3923 1108 4007 Rameseye
1154 3926 1249 3992 Idem

192 4061 201 4092 ¹
220 4062 249 4110 In
263 4061 305 4110 the
319 4061 376 4114 MS·
384 4062 454 4114 these
466 4071 516 4112 two
523 4061 678 4128 paragrapho
686 4077 720 4111 on
730 4061 857 4111 Fordhnm
869 4061 920 4111 end
932 4061 1099 4126 Bediinghern
1110 4077 1153 4113 are
1161 4061 1250 4128 placed

142 4153 169 4195 at
181 4145 223 4196 the
235 4143 284 4194 end
296 4141 376 4192 nithe
387 4142 481 4193 section
495 4142 598 4206 dealing
610 4141 671 4192 with
683 4140 918 4207 Huntingdnnshire
928 4140 956 4206 (s.
970 4157 1013 4206 ¹55
1021 4142 1058 4202 b).
1070 4158 1096 4208 p.
1109 4159 1164 4208 ²7²·
1194 4145 1251 4196 Tite

142 4227 240 4293 copyist
259 4225 309 4276 had
330 4225 457 4290 evidently
474 4226 579 4276 omitted
604 4225 682 4281 thern,
702 4225 748 4276 bnt
770 4224 956 4291 subsequently.
974 4241 1007 4275 on
1028 4225 1126 4292 finding
1146 4235 1191 4278 ont
1212 4228 1252 4280 his

144 4309 259 4370 mistske,
280 4307 362 4358 added
380 4308 447 4358 them
466 4315 492 4357 at
509 4309 552 4358 the
569 4307 627 4358 end.

192 4391 203 4423 ¹
219 4391 302 4458 gene.
316 4391 373 4444 ms.
