3192 5067
339 332 389 417 96
612 326 673 424 Of
694 323 868 425 Geoffrey
893 324 954 399 tlte
983 323 1170 422 Chaplaz'n
1326 316 1443 423 [soors

335 508 460 566 indebite
476 519 506 565 et
521 520 620 567 eontra
632 522 759 567 tenorem
771 521 849 567 carte
865 511 992 583 predicte
1006 512 1066 582 jam
1079 528 1129 583 per
1141 510 1285 567 biennium
1298 508 1443 579 subtraxit,

334 598 484 669 quominus
501 599 620 670 predicti
637 600 694 655 duo
710 600 880 668 sacerdotes,
894 600 966 655 sicut
983 600 1089 655 ibidem
1105 600 1217 656 studere
1231 606 1260 653 et
1278 614 1328 669 pro
1346 596 1442 652 anima

334 684 461 756 predicta
479 686 577 742 diuina
594 688 737 742 celebrare
755 688 860 742 debent
879 699 906 743 et
926 688 1025 756 solent,
1045 689 1157 744 studere
1176 686 1292 759 possint

387 774 426 829 Et
449 775 524 829 vnde
548 774 684 847 placitum
707 777 759 831 luit
783 776 857 831 inter
880 793 929 831 eos
954 776 983 830 in
1005 777 1105 831 eadem
1128 777 1219 844 Curia,
1239 773 1345 829 scilicet
1364 771 1441 844 quod

333 863 476 935 predictus
496 864 574 918 Prior
591 864 755 935 recognouit
767 874 796 919 et
809 864 958 931 concessit,
971 882 1022 935 pro
1035 882 1065 920 se
1078 874 1106 919 et
1119 864 1329 920 successorihus
1342 863 1441 917 suiset

334 952 453 1007 ecclesia
469 969 522 1007 sua
538 954 635 1008 Sancti
654 952 749 1023 Egidii
767 954 804 1008 de
821 954 1000 1020 Bernewelle,
1013 952 1090 1025 quod
1108 952 1161 1023 ipsi
1178 952 1310 1008 decetero
1322 951 1441 1007 reddent

333 1042 451 1109 singulis
463 1042 546 1095 annis
558 1042 669 1097 duobus
682 1041 878 1097 sacerdotibus
890 1041 987 1095 diuina
999 1040 1214 1108 celebrantibus,
1224 1050 1251 1095 et
1260 1038 1289 1093 in
1300 1038 1442 1109 theologia

333 1126 362 1181 in
375 1127 503 1199 predicta
514 1128 697 1184 uniuersitate
705 1128 893 1196 studentibus,
902 1137 931 1183 et
941 1128 1031 1182 eciam
1041 1144 1090 1199 per
1100 1126 1306 1183 cancellarium
1315 1124 1441 1197 predicte

333 1215 532 1283 uniuersitatis,
550 1225 578 1271 et
599 1233 651 1287 per
670 1215 795 1271 Priorem
814 1216 850 1271 cle
870 1216 1041 1271 Bemewelle
1059 1216 1107 1286 qui
1126 1232 1177 1285 pro
1196 1225 1321 1285 tempore
1340 1214 1441 1268 luerint

333 1302 438 1369 electis,
454 1303 554 1357 decent
571 1320 682 1357 marcas
700 1303 810 1373 argenti
829 1304 915 1358 annui
934 1302 1060 1358 redditus
1078 1302 1274 1373 inperpetuum
1292 1301 1441 1357 habendas

333 1399 362 1444 et
385 1391 534 1446 annuatim
558 1391 755 1462 percipiendas
778 1391 888 1447 eisdem
913 1390 1107 1447 sacerdotibus
1128 1406 1180 1461 per
1199 1406 1301 1445 manns
1322 1388 1440 1460 predicti

335 1478 439 1534 Prioris
455 1489 483 1533 et
499 1496 694 1535 successorum
711 1498 827 1535 suorum
844 1481 881 1536 de
897 1481 1029 1536 omnibus
1046 1481 1126 1535 terris
1143 1490 1170 1535 et
1189 1478 1357 1536 tenementis
1376 1496 1440 1534 cum

333 1565 515 1637 pertinenciis
529 1584 584 1638 qne
601 1568 676 1623 idem
696 1568 776 1624 Prior
792 1569 882 1623 tenuit
900 1569 928 1624 in
944 1570 1011 1623 villa
1025 1569 1061 1623 de
1075 1568 1251 1639 Wygenhale
1264 1568 1293 1623 in
1305 1566 1440 1624 comitatu

335 1654 498 1710 Norfolchie
514 1656 560 1711 die
577 1674 633 1727 quo
647 1657 700 1713 hec
712 1657 867 1712 concordia
878 1656 955 1712 lacta
966 1656 1017 1711 fuit
1032 1656 1069 1711 ad
1081 1655 1152 1711 duos
1165 1656 1315 1711 terminos:
1335 1653 1441 1711 scilicet

333 1743 515 1799 medietatem
537 1746 574 1799 ad
595 1744 697 1801 festum
720 1745 811 1801 sancti
835 1745 993 1813 Michaelis,
1013 1755 1041 1799 et
1062 1745 1180 1799 alteram
1202 1745 1383 1799 medietatem
1403 1744 1441 1799 ad

257 1898 263 1909 .
335 1832 452 1886 Pascha
491 1833 529 1886 Et
546 1833 570 1887 si
587 1834 733 1904 contingat
747 1834 826 1905 quod
842 1834 985 1906 predictus
1004 1833 1083 1888 Prior
1098 1832 1143 1889 vel
1161 1849 1339 1889 successores
1354 1832 1397 1888 sui
1413 1832 1441 1887 in

334 1920 478 1975 solucione
497 1921 617 1992 predicti
638 1922 764 1978 redditus
786 1922 886 1978 decem
907 1938 1065 1978 marcarum
1087 1922 1124 1978 ad
1146 1922 1269 1992 aliquem
1291 1920 1441 1977 terminum

334 2008 495 2075 defecerint,
520 2010 593 2065 bene
619 2008 714 2065 licebit
740 2008 868 2081 predicto
894 2010 1070 2064 Cancellario
1095 2008 1172 2079 ipsos
1197 2008 1372 2079 distringere,
1396 2008 1441 2063 uel

334 2110 526 2166 quoscumque
539 2096 587 2167 qui
600 2096 629 2150 in
647 2106 791 2166 posterum
804 2095 931 2167 predicta
946 2105 1108 2151 tenementa
1124 2096 1269 2163 tenebunt,
1283 2114 1334 2167 per
1346 2094 1442 2150 omnia

333 2182 436 2237 catalla
449 2199 500 2237 sua
512 2184 540 2237 in
551 2183 685 2254 predictis
695 2184 862 2240 tenementis
872 2184 988 2239 inuenta
997 2200 1087 2254 usque
1097 2184 1134 2239 ad
1144 2184 1257 2253 plenam
1268 2183 1440 2239 solucionem

333 2270 513 2326 denariorum
525 2272 573 2342 qui
586 2281 678 2327 aretro
690 2272 794 2328 fuerint
806 2272 842 2326 de
855 2270 903 2327 illo
916 2270 1042 2327 termino.

348 2490 399 2551 41.
445 2472 496 2536 De
521 2471 689 2555 Capellam
710 2472 977 2537 excmnmunicato
998 2472 1058 2555 qui
1077 2472 1124 2537 sic
1145 2483 1280 2537 uocatur
1293 2482 1426 2555 propter

498 2578 689 2642 sentenciam
711 2599 811 2661 quam
834 2578 1036 2643 Laurencius
1058 2576 1163 2643 Prior
1183 2578 1277 2643 dedit.

171 2739 256 2783 orme
389 2730 530 2786 Omnibus
547 2732 652 2787 Christi
670 2732 800 2787 fidelibus
817 2742 869 2797 etc.
887 2732 1059 2787 Laurencius
1074 2732 1155 2787 Prior
1165 2742 1218 2787 etc.
1256 2730 1441 2786 Vniuersitati

171 2791 304 2884 lxiiii*
334 2830 427 2875 uestre
441 2820 565 2889 presenti
582 2820 687 2891 scripto
700 2820 937 2889 recognoscimus,
950 2835 1003 2873 nos
1016 2818 1140 2874 unanimi
1154 2818 1271 2873 consilio
1283 2828 1312 2873 et
1325 2834 1441 2874 assensu

172 2891 300 2984 {mm
335 2908 510 2964 concessisse
537 2907 663 2962 Domino
693 2908 822 2963 Galfrido
846 2907 883 2962 de
908 2907 1078 2963 Bemewelle
1104 2907 1259 2978 Capellano
1283 2906 1440 2962 corredium

172 2988 318 3084 stiffi)
334 2997 417 3050 unius
434 2996 572 3051 Canonici
589 2994 696 3049 scilicet
713 2995 742 3049 in
758 3012 834 3067 pane
851 3005 878 3049 et
895 3004 962 3066 potu
977 3006 1005 3050 et
1019 2995 1143 3066 potagio,
1156 3005 1184 3050 et
1197 3011 1283 3049 vnum
1296 2994 1440 3061 ferculum,

171 3092 214 3135 the
223 3092 299 3133 tene·
335 3093 363 3140 et
379 3098 464 3137 unam
481 3082 636 3152 pitanciam
653 3082 690 3135 ad
703 3098 839 3151 magnum
851 3081 1011 3153 prandium,
1023 3090 1052 3136 et
1064 3082 1142 3135 aliud
1154 3080 1193 3134 ad
1204 3097 1314 3149 cenam,
1327 3081 1440 3152 quando

170 3142 320 3241 gi‘gaerrrey
336 3171 472 3227 Canonici
496 3170 541 3225 bis
564 3169 725 3236 comedunt,
744 3170 780 3223 de
801 3170 902 3225 eodem
924 3170 1000 3238 quod
1023 3170 1160 3225 canonici
1181 3168 1338 3240 percipiunt
1360 3179 1388 3225 et
1412 3170 1440 3224 in

171 3242 303 3343 ἓξψωη,
335 3259 436 3314 eadem
452 3256 618 3329 quantitate,
631 3257 668 3311 ad
681 3257 920 3312 sustentacionem
934 3254 1016 3311 vnius
1032 3256 1178 3326 Capellani
1190 3257 1239 3328 qui
1251 3273 1303 3328 pro
1316 3266 1440 3326 tempore

171 3342 254 3434 effi
264 3403 279 3434 a
334 3344 417 3400 suerit
433 3342 473 3416 [et
489 3342 549 3416 qui]
566 3362 618 3417 pro
633 3344 706 3399 vinis
722 3355 751 3401 et
767 3344 906 3401 defunctis
924 3344 954 3398 in
969 3345 1056 3399 domo
1074 3345 1279 3401 Elemosinarie
1295 3356 1390 3400 nostre
1405 3345 1441 3400 de

172 3442 288 3495 enrptntn
335 3434 496 3505 prouisione
513 3444 541 3488 et
558 3433 762 3505 impetracione
780 3433 869 3505 ipsius
886 3432 1005 3489 Galsridi
1022 3442 1159 3505 perpetuo
1175 3432 1272 3489 diuina
1288 3434 1440 3489 celebrabit

171 3493 269 3586 ἓξὲξ.
335 3524 365 3578 in
382 3522 462 3577 curia
479 3523 523 3576 vel
542 3523 570 3577 in
589 3523 657 3576 villa
675 3522 710 3576 de
731 3522 901 3577 Bemewelle
918 3520 1138 3592 percipiendum.

170 3592 290 3688 ἕξω
389 3610 589 3666 Concessimus
609 3610 699 3666 eciam
722 3610 814 3665 eidem
836 3606 988 3681 G[allrido]
1010 3610 1046 3664 ad
1068 3626 1139 3680 opus
1157 3608 1294 3679 capellani
1313 3608 1439 3665 eiusdem

172 3695 264 3737 armon
299 3706 305 3745 t
334 3712 420 3751 vnam
444 3710 568 3749 marcam
593 3710 718 3749 annuam
743 3695 780 3749 ad
805 3703 898 3749 vestes
922 3695 1129 3766 comparandas
1152 3693 1191 3747 ad
1212 3693 1284 3748 duos
1305 3693 1440 3748 terminos

171 3744 306 3838 ῗυιῖᾱιιοῖιξο
334 3797 353 3835 a
373 3778 458 3835 nobis
479 3777 698 3850 percipiendam,
718 3777 826 3833 scilicet
847 3778 885 3833 ad
907 3778 1019 3833 Pascha
1037 3777 1185 3834 dimidiam
1203 3792 1337 3844 marcam,
1357 3786 1384 3831 et
1402 3777 1440 3832 ad

170 3846 282 3939 ῧξξο,
335 3867 439 3924 festum
451 3865 542 3921 sancti
556 3864 707 3920 Michaelis
716 3864 865 3921 dimidiam
874 3882 1008 3933 marcam,
1017 3866 1056 3921 ita
1065 3865 1172 3921 scilicet
1182 3864 1259 3935 quod
1269 3864 1440 3936 Capelianus

252 3974 269 4025 s,
290 3988 320 4039 35
334 3964 507 4012 memoratus
534 3952 581 4024 qui
610 3968 662 4023 pro
689 3961 816 4023 tempore
842 3952 924 4007 fuerit
951 3953 980 4008 in
1005 3953 1102 4009 habitu
1128 3950 1247 4008 seculari
1271 3952 1440 4007 constitutus

334 4039 493 4096 corredium
516 4053 582 4091 cnm
606 4053 700 4091 annua
723 4052 822 4091 marca
845 4046 1001 4091 memorata
1024 4037 1088 4090 loco
1111 4045 1139 4091 et
1163 4036 1249 4090 modo
1278 4036 1440 4106 supradicto

334 4126 470 4199 percipiet
486 4135 516 4181 et
533 4124 658 4179 babebit.

389 4213 588 4271 Concessimus
618 4212 709 4267 eciam
739 4211 832 4268 eidem
864 4211 1019 4281 Capellano
1048 4210 1096 4281 qui
1127 4227 1178 4281 pro
1204 4218 1331 4280 tempore
1358 4209 1440 4266 luerit

334 4303 477 4360 sufficiens
498 4310 526 4355 et
547 4300 698 4354 honestum
716 4298 875 4370 hospicium
893 4298 923 4352 in
941 4296 1019 4351 curia
1037 4296 1242 4351 Elemosinarie
1261 4306 1356 4351 nostre
1374 4312 1439 4351 cnm

334 4385 488 4460 capellanis
506 4394 535 4440 et
553 4383 662 4439 clericis
679 4384 784 4438 nostris
803 4382 908 4437 ibidem
927 4381 1175 4436 commorantibus
