3192 5067
364 361 436 430 230
494 337 643 412 Churclz
669 339 717 436 of
734 340 772 414 S.
792 339 912 436 Mary
937 337 998 412 lhe
1028 339 1147 412 Great
1172 339 1285 411 burne
1344 335 1465 433 [Book

615 699 665 762 40.
711 681 908 746 lurotulace'o
929 683 978 745 ad
998 682 1211 746 Scaccart'um.

196 833 342 926 2¹¹ffiX⁸¹¹⁶⁸
430 823 469 886 In
494 823 601 887 rotulo
625 823 761 889 memor’
790 827 833 889 de
862 845 951 888 anno
981 827 1090 901 xviii,
1120 827 1152 889 in
1184 827 1327 889 termino
1352 834 1467 888 sancte

198 934 347 1026 25533223.
363 928 528 1005 trinitatis,
551 930 763 994 continentur
785 930 847 994 hec
870 930 979 993 uerba.

215 1033 312 1126 ξξξᾷζζῖ,
417 1055 607 1126 cantabrigia
634 1059 808 1112 Concessum
821 1067 864 1112 est
879 1057 965 1111 Priori
980 1058 1014 1111 de
1026 1058 1204 1125 Bernewelle,
1214 1075 1264 1128 per
1275 1057 1422 1112 Matheum
1429 1056 1468 1112 de

198 1135 248 1226 2¹:¹²,
256 1134 325 1225 ξξξῐ
368 1143 511 1213 Kertlinge
530 1145 753 1200 concanonicum
772 1163 861 1212 suum,
878 1145 953 1215 quod
973 1161 1024 1216 pro
1040 1146 1094 1214 .xij.
1112 1145 1189 1200 libris
1206 1162 1278 1216 quas
1296 1145 1370 1202 idem
1388 1144 1470 1198 Prior

199 1234 282 1326 m,
365 1231 449 1285 soluit
461 1231 538 1300 Regi,
552 1232 655 1287 habeat
665 1247 780 1300 annum,
792 1232 877 1300 diem,
890 1244 918 1286 et
932 1245 1042 1288 vastum
1055 1244 1192 1289 terrarum
1204 1242 1233 1289 et
1243 1243 1468 1290 tenementorum

200 1335 243 1376 ron
255 1334 292 1376 ror
365 1335 419 1390 que
428 1319 539 1374 fuerunt
550 1319 662 1374 Ricardi
675 1317 846 1392 Laur[encii]
857 1321 978 1377 conuicti
991 1321 1027 1376 de
1038 1335 1127 1377 morte
1137 1322 1256 1378 Galtridi
1264 1321 1300 1376 de
1314 1321 1469 1390 Griseleye‚

201 1384 333 1436 ¹²⁸⁹””⁹⁰'
364 1415 392 1459 et
407 1407 509 1476 Rogeri
523 1407 558 1461 de
571 1407 773 1476 Wytherisseld
786 1407 914 1478 suspensi
932 1425 983 1478 pro
999 1419 1090 1473 morte
1104 1410 1231 1465 eiusdem
1244 1411 1273 1464 in
1293 1411 1468 1464 Cestertone

366 1493 420 1563 Qui
434 1511 534 1562 annus,
547 1495 616 1564 dies,
630 1507 656 1550 et
671 1507 767 1552 vastus
784 1495 891 1551 extensi
905 1497 1016 1552 suerunt
1029 1499 1065 1552 ad
1079 1496 1143 1566 .viij.
1156 1497 1243 1553 libras
1256 1497 1337 1569 .xviij.
1351 1497 1469 1564 solidos,

365 1590 393 1636 et
412 1599 467 1653 que
486 1592 558 1640 terre
578 1593 606 1640 et
626 1594 787 1639 tenementa
798 1594 929 1640 tenentur
949 1585 985 1640 de
1005 1585 1067 1656 ipso
1089 1585 1183 1640 Priore
1200 1587 1305 1641 ibidem
1321 1587 1349 1641 in
1366 1587 1469 1656 capite,

366 1671 451 1726 saluis
470 1673 540 1742 Regi
557 1690 641 1740 anno,
658 1673 713 1741 die,
731 1684 758 1728 et
775 1683 857 1728 vasto
873 1675 910 1730 de
926 1675 1059 1729 omnibus
1074 1676 1137 1746 alijs
1154 1675 1235 1729 terris
1252 1684 1280 1729 et
1299 1675 1469 1730 tenementis

364 1775 419 1828 que
435 1759 521 1813 iidem
540 1761 678 1816 Ricardus
695 1772 722 1815 et
739 1762 867 1830 Rogems
886 1772 1033 1816 tenuerunt
1050 1772 1128 1817 extra
1144 1762 1299 1831 predictam
1319 1761 1413 1817 viliam
1431 1762 1470 1817 de

366 1847 530 1902 Cestertone
543 1857 601 1902 tarn
614 1849 643 1902 in
656 1848 723 1903 villa
736 1847 917 1918 Cantebrigie
929 1866 1014 1920 quam
1027 1847 1102 1903 alibi.

483 2106 534 2168 41.
580 2088 728 2152 Matere'a
750 2087 907 2154 discordie
929 2089 1015 2153 inter
1035 2089 1155 2172 Regem
1178 2089 1298 2171 Anglie
1319 2099 1350 2152 et

776 2195 897 2278 Regem
919 2193 1063 2258 Francie.

201 2370 223 2408 n
236 2373 305 2420 gem
431 2339 716 2422 Septimodecimo
739 2339 815 2403 Kal’
832 2339 913 2403 Maii
934 2349 1007 2404 orta
1029 2349 1081 2403 est
1096 2350 1279 2423 tempestas
1294 2339 1469 2415 horribilis,

200 2418 341 2528 iiiiiiaind
366 2455 399 2508 et
430 2442 675 2507 inundauerunt
712 2465 797 2526 aque
835 2444 1057 2520 uehementer,
1095 2444 1182 2507 vnde
1219 2443 1470 2507 innumerabilis

201 2525 311 2620 i¹⁵⁰iibnn
366 2548 546 2612 multitudo
583 2547 764 2612 bestiarum
796 2559 926 2612 mortua
962 2559 1014 2612 est
1044 2549 1076 2612 in
1109 2548 1264 2624 mariscis,
1293 2557 1328 2612 et
1358 2547 1470 2630 plures

366 2653 524 2716 homines.

202 2770 327 2862 {1¹1}ssss
431 2759 561 2822 Eodem
581 2758 635 2821 die
651 2757 799 2840 quinque
818 2757 978 2838 porticus¹
999 2776 1075 2818 cum
1095 2754 1308 2819 multitudine
1323 2766 1469 2819 armato-

200 2882 289 2961 pgteen
304 2928 330 2963 n
366 2883 437 2926 rum
455 2874 488 2927 et
504 2864 649 2938 nauium,
665 2871 804 2944 optenta
820 2861 910 2942 prius
929 2882 950 2923 a
966 2861 1060 2942 Rege
1077 2860 1223 2937 licencia,
1238 2871 1471 2942 processerunt

200 2982 243 3012 ¹²⁸
256 2973 331 3023 Μ·
365 2989 440 3032 cum
458 2968 565 3031 surore
582 2987 705 3049 magno
716 2977 752 3030 vt
765 2966 972 3030 uindicarent
988 2967 1078 3028 sede
1094 2966 1235 3029 inimicis
1251 2967 1327 3042 suis,
1343 2967 1470 3030 scilicet

365 3069 407 3132 de
422 3068 633 3142 Normannis,
645 3067 686 3130 de
699 3067 827 3149 quibus,
842 3077 878 3129 ut
890 3067 1071 3142 dicebatur,
1085 3067 1319 3130 interfecerunt
1335 3068 1367 3131 in
1385 3071 1470 3130 mari

366 3173 532 3256 usquead
557 3173 620 3236 tria
644 3169 734 3233 milia
756 3169 939 3245 hominum,
963 3180 997 3235 et
1027 3193 1130 3234 naues
1151 3192 1265 3235 eorum
1296 3193 1409 3236 secum
1434 3175 1468 3235 in

266 3289 283 3338 s.
297 3289 350 3339 sub
365 3277 525 3361 Angliam
548 3276 761 3341 deduxerunt
786 3295 889 3357 usque
912 3275 955 3338 ad
978 3296 1051 3339 ,ccc
1099 3276 1144 3338 Et
1167 3276 1194 3338 si
1216 3275 1267 3339 sas
1287 3287 1339 3341 est
1359 3276 1470 3340 dicere

364 3384 454 3448 dolia
476 3384 628 3447 vinorum
654 3382 738 3444 inter
761 3403 797 3444 se
819 3379 1004 3445 diuiserunt
1027 3403 1131 3463 usque
1154 3382 1197 3444 ad
1220 3402 1290 3445 .xx.
1313 3379 1412 3444 milia

395 3642 446 3705 42.
492 3623 544 3687 De
565 3621 708 3686 incendio
730 3621 851 3685 ecclesie
874 3621 994 3684 Sarute
1015 3620 1130 3685 Marte
1150 3621 1189 3684 de
1213 3619 1430 3703 cantebrigia.

200 3798 317 3840 nowtne
431 3772 582 3855 Septimo
599 3769 672 3833 idus
687 3767 765 3851 Julij
783 3767 866 3832 hora
881 3788 971 3831 nona
991 3767 1056 3832 diei
1073 3767 1247 3832 combusta
1262 3776 1313 3831 est
1328 3768 1468 3830 ecclesia

198 3849 287 3891 enurcn
302 3847 329 3889 ot
556 3875 562 3888 .
750 3873 756 3884 .
784 3872 790 3884 .
1140 3871 1146 3882 .
1209 3871 1215 3882 .
1278 3871 1284 3882 .

197 3898 328 3994 perpetrat
364 3875 461 3939 beate
478 3875 583 3937 Mane
599 3872 812 3954 Cantebrrgie
828 3880 862 3934 et
877 3870 987 3955 plures
1003 3872 1122 3934 domos
1138 3890 1170 3933 m
1187 3880 1332 3933 circuitu.

197 3999 349 4102 suites..

197 4100 297 4202 iffi}
753 4106 760 4138 ¹
780 4108 835 4158 The
846 4109 946 4174 Cinque
958 4109 1038 4158 Ports.
