3192 5067
336 328 404 416 148
498 322 638 397 Action
664 323 705 396 in
731 332 866 419 respect
890 325 939 422 of
954 324 1114 422 czgrlzteen
1141 320 1268 395 ntorks
1319 319 1433 418 [Boon

168 524 289 618 312:pr
399 508 444 571 Et
473 507 645 571 sciendum
675 507 765 590 quod
796 510 945 591 predicte
975 508 1197 593 quadraginta
1226 516 1260 571 et
1294 513 1436 590 quatuor

168 625 276 677 thored
333 633 443 677 marce
472 612 581 676 solute
610 611 742 677 fuerunt
772 623 924 697 tempore
954 614 1081 678 domini
1113 614 1234 677 Prioris
1270 610 1437 695 Symonis‚

169 686 227 729 ”⁷³⁹
332 738 422 781 anno
451 717 643 799 supradicto
673 727 707 781 et
737 718 820 796 loco,
850 720 975 785 scilicet
1005 741 1094 784 anno
1124 719 1251 782 domini
1281 722 1436 781 .m⁰.cc⁰.

332 822 579 906 septuagesimo
602 823 712 886 tercio.

170 928 292 1022 ζξὲζζζῇ
398 927 444 990 Et
473 938 608 990 centurn
641 946 750 990 marce
776 936 871 992 erant
898 938 1016 991 mutuo
1046 936 1178 1009 recepte
1209 926 1252 989 ab
1281 924 1437 1007 episcopo

170 1029 273 1132 ggffi‘fl
334 1030 567 1113 prenominato
590 1030 622 1092 in
646 1029 732 1093 festo
755 1029 923 1095 Cathedre
947 1032 1053 1094 sancti
1077 1030 1176 1106 Petri,
1199 1049 1288 1092 anno
1312 1026 1437 1091 domini

171 1140 228 1182 ¹²⁵⁰·
335 1139 491 1199 .m⁰.cc⁰.
516 1134 802 1217 quinquagesimo
828 1145 978 1219 tempore
1003 1135 1123 1199 Prioris
1147 1132 1331 1215 Laurencij.

408 1354 458 1415 68.
504 1350 642 1416 Domini
667 1352 820 1434 Galfridi
839 1352 879 1415 de
899 1352 1020 1417 Banctk
1045 1352 1146 1419 Carta
1168 1353 1208 1415 de
1228 1350 1371 1434 deposito.

173 1520 231 1561 ¹²⁵⁰·
391 1502 532 1557 Omnibus
554 1502 658 1557 Christi
680 1502 810 1557 fidelibus
831 1503 869 1557 ad
891 1520 962 1574 quos
982 1520 1098 1574 presens
1119 1504 1253 1573 scripturn
1275 1499 1440 1572 peruenerit.

172 1560 300 1652 mrem
339 1589 510 1645 Laurencius
536 1590 615 1643 Prior
633 1600 661 1644 et
684 1592 849 1645 Conuentus
866 1590 901 1645 de
925 1592 1094 1645 Bemewelle
1116 1590 1235 1645 salutem
1256 1590 1285 1644 in
1309 1588 1440 1642 Domino.

174 1659 324 1754 ξέῗῗζῃᾞω·
340 1678 459 1732 Nouerit
475 1676 643 1732 uniuersitas
661 1687 756 1731 uestra
772 1696 824 1732 nos
842 1678 980 1751 recepisse
997 1696 1047 1746 per
1065 1696 1166 1733 manus
1183 1676 1289 1733 domini
1306 1676 1389 1730 Alani
1407 1674 1442 1728 de

174 1762 289 1855 {gfff
339 1766 429 1832 Turn,
441 1775 469 1820 et
487 1765 605 1820 aliorum
622 1776 801 1820 executorum
818 1766 924 1821 domini
940 1766 1057 1821 Galsridi
1075 1767 1112 1821 de
1125 1767 1237 1833 Bancis,
1250 1765 1286 1820 de
1304 1778 1442 1819 consensu

175 1863 234 1904 notu
243 1862 269 1904 tn
338 1863 366 1908 et
385 1870 503 1908 assensu
522 1852 615 1908 fratris
634 1852 752 1907 Gilberti
775 1854 810 1907 de
831 1854 1028 1923 Massingharn
1047 1854 1082 1909 de
1101 1853 1199 1908 ordine
1217 1852 1334 1908 fratrum
1352 1849 1441 1921 predi·

174 1919 315 2016 mam
338 1951 473 2008 catorum,
495 1941 643 1996 decentet
665 1952 729 1995 octo
750 1959 862 1997 marcas
884 1943 1001 2012 argenti,
1021 1944 1118 2013 viginti
1141 1953 1169 1997 et
1190 1944 1300 1998 duobus
1320 1941 1442 1995 denariis

175 2013 309 2105 ῗξῗξιξζὴ
338 2028 441 2094 minus,
449 2028 487 2081 ad
496 2027 627 2081 auxilium
641 2038 714 2082 terre
726 2026 848 2099 [sancte]
858 2028 1015 2096 deputatas,
1024 2046 1094 2100 quas
1104 2030 1237 2099 predictis
1250 2027 1442 2083 executoribus

176 2114 327 2215 fgfffilgfy
339 2117 448 2171 soluere
460 2126 588 2169 tenemur
599 2115 645 2170 uel
657 2132 754 2170 eorum
769 2117 928 2187 assignatis,
943 2118 979 2172 ad
996 2119 1115 2188 primum
1134 2120 1264 2187 generale
1281 2116 1443 2187 passagium

178 2215 258 2257 Leno.
340 2220 437 2257 uersus
454 2212 558 2257 terram
575 2212 703 2257 sanctam
720 2203 781 2257 sine
795 2204 942 2273 dilacione,
957 2206 1147 2271 cauillacione,
1160 2222 1209 2259 seu
1222 2204 1443 2259 contradictione

340 2291 443 2361 aliqua,
451 2291 519 2344 dum
529 2302 624 2345 tamen
635 2308 718 2362 super
727 2293 871 2347 solucione
880 2292 1011 2349 facienda
1021 2311 1071 2363 per
1078 2310 1164 2347 vnum
1174 2308 1301 2346 mensem
1311 2291 1443 2346 fuerimus

177 2386 194 2435 s.
208 2400 238 2450 55
339 2379 499 2451 premuniti.
539 2381 575 2434 Et
593 2380 746 2435 subicimus
762 2398 815 2435 nos
830 2381 1017 2451 jurisdictioni
1035 2383 1166 2451 Elyensis
1180 2380 1314 2451 Episcopi
1327 2381 1371 2435 vel
1383 2379 1443 2435 eius

339 2467 548 2535 Archidiaconi,
570 2478 600 2523 vt
625 2485 721 2523 eorum
744 2472 816 2524 alter
839 2488 892 2525 nos
917 2488 967 2542 per
992 2488 1140 2526 censuram
1165 2470 1385 2525 ecclesiasticam
1407 2468 1444 2523 ad

340 2556 512 2612 solucionem
526 2554 634 2624 pretate
645 2558 764 2625 pecunie
776 2558 813 2613 ad
826 2558 947 2627 primum
961 2559 1091 2627 generale
1104 2560 1266 2629 passagium
1276 2556 1443 2623 faciendum,

339 2644 438 2699 habita
450 2660 534 2713 super
542 2643 597 2696 hoc
610 2645 822 2712 premunicione
834 2662 885 2715 per
897 2662 982 2699 vnum
995 2662 1130 2713 mensem,
1142 2646 1212 2700 sicut
1225 2645 1380 2715 predictum
1394 2654 1444 2711 est,

340 2735 401 2790 sine
413 2734 491 2788 omni
504 2733 620 2803 strepitu
633 2733 758 2801 judiciali
772 2734 940 2803 compellere
952 2735 1049 2803 possit,
1066 2735 1262 2789 renunciantes
1279 2734 1373 2805 quoad
1391 2733 1444 2786 hoc

341 2824 417 2878 omni
434 2822 504 2892 juris
521 2821 646 2876 remedio
663 2832 721 2877 tam
739 2823 923 2877 ecclesiastici
941 2839 1026 2893 quam
1044 2822 1133 2877 ciuilis
1151 2834 1177 2875 et
1195 2823 1326 2877 omnibus
1342 2838 1396 2894 que
1409 2820 1445 2875 ad

341 2910 544 2979 subterfugium
565 2911 611 2964 uel
632 2911 801 2966 dilacionem
823 2912 904 2966 nobis
926 2922 1086 2981 competere
1105 2922 1221 2982 possent
1240 2912 1285 2967 uel
1303 2912 1444 2982 prodesse.

343 3000 380 3052 Et
392 2998 422 3051 in
433 2997 516 3052 huius
529 2998 568 3051 rei
581 2999 772 3053 testimonium
786 3000 908 3067 presenti
922 2999 1027 3069 scripto
1040 3000 1161 3069 sigillum
1174 3010 1226 3054 etc.
1257 3002 1362 3054 Actum
1371 2998 1447 3070 apud

343 3087 513 3141 Bemewelle
526 3102 601 3140 anno
614 3086 721 3140 domini
734 3094 790 3139 m0.
799 3095 858 3141 cc⁰.
873 3088 1115 3159 quinquagesimo.

181 3256 251 3297 pfl..
408 3220 544 3283 Mortuo
559 3222 698 3285 domino
717 3220 830 3285 Alano
851 3224 893 3286 de
909 3222 1005 3285 Turri
1026 3222 1181 3287 dominus
1197 3222 1384 3286 Willelmus
1405 3221 1447 3284 de

179 3307 274 3407 ῗέὲῗὲῗ
344 3325 481 3407 Subyri¹
507 3326 578 3388 eius
604 3336 773 3403 executor,
801 3338 834 3391 et
862 3328 1020 3409 magister
1047 3327 1215 3393 Galfridus
1242 3328 1284 3390 de
1312 3328 1447 3390 Mortuo

180 3406 294 3449 withthe
423 3431 430 3444 .
518 3432 523 3443 ·
769 3434 775 3445 .
1061 3434 1068 3446 .
1231 3432 1238 3447 .

180 3456 309 3508 movim
345 3432 430 3494 Mart
452 3441 624 3512 pecierunt
644 3452 664 3495 a
684 3430 822 3495 dommo
845 3433 994 3516 Symone
1017 3434 1127 3495 Prrore
1146 3434 1312 3515 predictas
1329 3452 1447 3512 .xvnj.

181 3512 310 3549 executore

180 3558 317 3659 {iffi‘h‘
346 3555 473 3599 marcas
495 3557 606 3600 coram
632 3537 791 3619 magistro
816 3538 962 3603 Ricardo
987 3538 1194 3603 Crocheman
1219 3547 1298 3602 tunc
1320 3538 1447 3601 domini

180 3658 270 3751 affin
346 3640 582 3704 Archidiaconi
607 3641 749 3705 Eliensis
772 3642 913 3707 officiali.
960 3644 1005 3707 Et
1033 3644 1126 3707 Prior
1152 3643 1279 3727 Symon
1307 3643 1349 3706 de
1371 3664 1448 3705 con·

182 3771 263 3812 aean.
345 3766 444 3809 sensu
459 3746 510 3809 sui
527 3746 721 3811 Conuentus
738 3748 912 3812 innouauit
927 3759 1052 3813 cartam
1076 3747 1166 3813 illam
1188 3749 1230 3812 ad
1251 3747 1447 3813 soluendum

346 3851 528 3933 predictam
552 3854 726 3934 pecuniam
748 3854 833 3918 infra
853 3856 1032 3919 triennium
1054 3856 1124 3919 siue
1145 3854 1242 3918 fuerit
1257 3853 1447 3936 passagium

183 3964 313 4057 elegum
346 3956 499 4038 generale
515 3956 547 4019 in
564 3966 685 4020 terram
702 3968 852 4022 sanctam
869 3960 939 4022 siue
960 3980 1037 4023 non.
1085 3960 1129 4023 Et
1150 3959 1287 4041 expleto
1308 3956 1450 4020 triennio

183 4027 292 4168 §gg-esd·
345 4061 514 4143 predictus
530 4061 689 4143 magister
705 4062 874 4127 Galfridus
891 4066 933 4127 de
951 4064 1086 4128 Mortuo
1103 4065 1188 4127 Mari
1211 4063 1287 4127 fecit
1305 4062 1449 4127 Priorem

394 4220 404 4252 ¹
421 4222 533 4271 William
549 4223 581 4273 de
597 4224 688 4273 Subur’
700 4224 721 4274 is
736 4225 879 4275 mentioned
895 4225 921 4275 in
936 4226 979 4276 the
992 4226 1116 4276 Hnndred
1129 4224 1208 4282 Rolls.
1221 4224 1246 4273 ii.
1260 4223 1317 4291 679,
1329 4240 1356 4274 as
1367 4241 1452 4275 owner

345 4302 374 4354 of
391 4304 450 4353 land
470 4304 496 4352 in
517 4305 694 4369 Hemingford
714 4307 814 4363 Hunts;
840 4308 890 4356 and
909 4310 936 4357 in
955 4309 999 4358 tlte
1019 4309 1077 4371 Quo
1097 4308 1218 4357 Waranto
1237 4308 1317 4369 Rolls,
1337 4324 1360 4373 p.
1382 4328 1405 4370 4,
1425 4325 1452 4359 as

344 4387 459 4451 deriving
469 4385 509 4436 his
520 4402 593 4437 name
604 4387 667 4437 t'rorn
679 4404 695 4437 a
706 4404 794 4439 monor
805 4390 830 4439 in
843 4390 896 4439 that
909 4400 1009 4455 county.
