3192 5067
318 325 392 412 236
554 319 592 391 Τ
586 319 630 392 he
655 319 703 392 K
701 323 767 417 ing
789 319 837 417 of
855 319 1035 394 scotland
1056 319 1190 393 revolts
1301 315 1421 416 [aootc

150 513 288 605 ss‘i’gfflf‘
314 524 389 568 cum
421 506 546 569 honore
569 525 693 587 magno
716 504 749 567 in
781 505 866 569 festo
896 505 1153 588 Assumpcionis
1177 504 1274 568 beate
1304 501 1422 576 Marie,

152 615 185 656 ¹⁴⁶
203 620 265 664 ¹¹²⁸·
315 609 427 672 multis
443 609 591 691 donarijs
607 609 746 692 pecunie
765 621 946 686 numerate,
962 621 996 674 et
1011 609 1180 692 palefridis
1202 609 1246 672 ab
1266 607 1421 672 omnibus

151 676 252 766 ἂψ
314 715 479 797 episcopis
518 715 643 797 Anglie
680 715 895 778 uehementer
932 714 1038 778 ditati.
1099 715 1145 779 Et
1186 712 1420 777 nichilominus

314 829 508 901 receperunt
531 819 574 882 ab
598 817 759 882 uniuersis
781 818 930 901 ecclesijs
952 818 1139 901 collegiatis
1162 818 1270 880 tocius
1287 813 1420 897 Anglie,

313 933 383 987 tam
399 924 558 988 diuitibus
582 943 682 1006 quam
707 923 917 1006 pauperibus,
934 923 1069 987 nomine
1093 921 1339 1006 procuracionis
1357 941 1419 982 sex

315 1049 451 1107 marcas,
466 1031 554 1094 vnde
569 1029 718 1093 canonici
736 1029 778 1092 de
798 1029 1000 1094 Bemewelle
1014 1027 1140 1093 habent
1156 1025 1420 1109 acquietaneiam

313 1132 376 1196 sub
391 1133 454 1198 hac
470 1132 585 1197 sonna

445 1321 493 1387 51.
539 1305 769 1388 Atquistancia
792 1304 831 1368 de
845 1305 1074 1387 promracionc
1093 1307 1280 1388 legatorum.

150 1419 292 1522 ξζζῖᾗξξω
369 1433 467 1488 Pateat
480 1432 617 1487 vniuersis
630 1433 683 1486 has
695 1433 804 1487 litteras
817 1432 987 1501 inspecturis
999 1430 1075 1502 quod
1089 1448 1142 1486 nos
1154 1430 1282 1485 officialis
1297 1429 1420 1484 Ellensis

148 1532 299 1622 {maen
314 1531 342 1574 et
363 1521 481 1575 sacrista
504 1521 630 1574 Ecclesie
651 1521 782 1589 Elyensis
802 1520 965 1575 collectores
987 1519 1169 1589 pecuniarum
1186 1517 1420 1589 procuracionem

149 1627 174 1662 to
188 1621 229 1662 the
314 1609 514 1664 venerabilium
536 1620 646 1678 patrum
668 1608 848 1664 dominorum
869 1609 915 1663 dei
939 1608 1036 1677 gracia
1061 1609 1091 1661 B.
1112 1604 1319 1679 Alban[ensis]¹
1341 1618 1369 1661 et
1389 1609 1418 1661 S.

150 1672 280 1771 ἔξιξζεζῗῗ
316 1694 549 1768 PenestdensisP
561 1697 758 1768 episcoporum
772 1699 799 1751 in
814 1697 927 1752 ciuitate
939 1707 968 1751 et
980 1695 1093 1766 dyocesi
1108 1696 1221 1764 Elyensi
1235 1696 1363 1750 salutem.

149 1771 298 1825 ⁸⁵⁰¹·¹²⁹⁵·
369 1784 511 1838 Noveritis
530 1802 582 1838 nos
603 1785 741 1856 recepisse
763 1803 779 1838 a
802 1785 896 1839 Priore
916 1796 944 1840 et
963 1797 1105 1839 conuentu
1125 1784 1162 1838 de
1182 1784 1350 1839 Bemewelle
1370 1799 1421 1837 sex

313 1887 422 1926 marcas
436 1871 632 1939 sterlingorum
645 1873 759 1927 nomine
772 1873 963 1942 predictorum
974 1883 1084 1942 patrum
1095 1888 1145 1941 pro
1155 1870 1355 1940 procuracione
1368 1887 1421 1924 sua

312 1958 354 2014 eis
377 1959 474 2014 debita
495 1960 531 2015 de
552 1952 647 2014 Priore
668 1970 696 2016 et
721 1971 862 2016 conuentu
884 1960 1018 2032 predictis
1038 1961 1075 2015 de
1096 1961 1199 2030 quibus
1221 1958 1298 2031 ipsos
1322 1969 1419 2014 tenore

313 2047 489 2117 presencium
502 2047 661 2117 quictamus
674 2059 701 2103 et
714 2049 858 2103 reddimus
871 2048 1023 2103 absolutos.

368 2137 400 2188 ln
413 2136 492 2190 cuius
506 2135 545 2190 rei
557 2135 750 2192 testimonium
764 2137 886 2206 sigillum
903 2135 1029 2192 officialis
1044 2135 1175 2204 Elyensis
1188 2132 1364 2205 presentibus
1375 2140 1420 2188 est

313 2240 479 2296 appensum.
519 2225 626 2278 Datum
642 2226 770 2281 London.
784 2225 828 2296 .vj.
847 2226 910 2280 idus
928 2225 1057 2295 Augusti,
1074 2242 1151 2279 anno
1169 2224 1276 2278 domini
1295 2232 1351 2276 .m0.
1366 2232 1418 2277 cc⁰.

312 2313 497 2382 nonagesimo
510 2313 616 2384 quinto.

380 2493 428 2559 52.
473 2479 525 2542 De
543 2481 701 2545 creactbrte
721 2479 824 2563 Regis
846 2479 954 2544 Scocic
973 2480 1093 2543 eteius
1115 2478 1358 2562 ingratitudine.

149 2611 291 2704 {cognatu
380 2608 548 2672 Defuncto
579 2609 778 2673 Alexandro
810 2610 903 2691 Rege
935 2607 1062 2682 Scocie,
1092 2607 1206 2690 opinio
1237 2607 1417 2670 multorum

148 2712 375 2813 ssggd‘ffifuit
412 2713 502 2796 quod
532 2714 687 2776 dominus
719 2712 926 2777 Eadwardus
957 2713 1033 2774 Rex
1066 2712 1189 2794 Anglie
1219 2713 1357 2776 deberet
1388 2713 1417 2774 ei

147 2812 285 2914 ffnfifssm
314 2818 488 2880 succedere
512 2819 544 2880 in
570 2837 706 2900 regnum
732 2839 789 2900 per
812 2819 990 2881 decensum
1015 2816 1195 2898 sanguinis,
1218 2826 1252 2879 et
1281 2818 1323 2880 de
1344 2816 1419 2898 jure

314 2923 520 2986 hereditario.
568 2922 782 3005 Quapropter
805 2923 913 2986 clerici
940 2922 1035 2986 multi
1060 2923 1229 3005 sapientes
1254 2923 1286 2984 in
1315 2942 1418 2984 unum

312 3027 486 3090 conuocati
497 3026 540 3089 ad
553 3026 727 3090 consilium
740 3025 843 3108 Regis
856 3026 979 3108 Anglie
991 3037 1069 3089 sunt
1078 3047 1179 3109 super
1188 3026 1250 3088 hoc
1266 3025 1418 3090 consulti.

313 3129 380 3194 Sed
406 3131 576 3192 decretum
602 3128 663 3191 fuit
692 3128 782 3211 quod
812 3128 866 3210 jus
891 3129 982 3211 regni
1013 3129 1056 3192 ad
1087 3149 1188 3192 vnum
1220 3130 1262 3192 de
1286 3129 1419 3192 duobus

312 3233 428 3297 debuit
459 3233 630 3316 pertinere,
666 3232 819 3296 videlicet
857 3234 899 3297 ad
938 3233 1111 3296 dominum
1149 3233 1338 3314 Johannem
1376 3233 1419 3296 de

314 3336 442 3414 Baillol,
457 3337 509 3400 uel
522 3336 565 3400 ad
578 3337 749 3400 dominum
765 3335 950 3401 Robertum
967 3340 1009 3401 de
1027 3339 1118 3400 Brus.
1158 3337 1225 3401 Sed
1242 3337 1419 3420 utrobique

314 3441 418 3504 multe
455 3441 585 3505 suerunt
625 3440 860 3524 promissiones
898 3452 935 3505 ut
964 3442 1048 3505 alter
1085 3461 1146 3505 suo
1174 3440 1238 3523 juri
1269 3443 1420 3521 cederet3

313 3557 566 3628 verumptamen
611 3555 727 3608 neuter
763 3544 870 3608 uoluit
914 3546 1110 3620 consentire,
1151 3545 1230 3625 quia
1274 3545 1418 3608 multum

313 3651 476 3731 optabant
492 3669 638 3730 regnare,
653 3649 806 3732 quamuis
829 3648 933 3712 multa
948 3660 1060 3713 essent
1075 3648 1189 3712 oblata
1204 3658 1238 3711 et
1253 3669 1418 3713 concessa.

314 3753 466 3818 Tandem
501 3753 638 3816 domino
673 3753 767 3836 Rege
802 3752 925 3834 Anglie
957 3752 1149 3816 elaborante
1184 3763 1420 3817 concesserunt

314 3857 473 3922 indictum
492 3857 633 3920 militurn
659 3857 828 3939 utriusque
849 3857 940 3940 regni
965 3877 1148 3940 procerum,
1164 3866 1198 3920 et
1213 3856 1260 3919 sic
1276 3855 1418 3940 adeptus

314 3974 364 4028 est
379 3963 534 4027 dominus
554 3961 754 4045 J[ohannes]
775 3964 819 4026 de
841 3961 970 4044 Bayllol
992 3983 1131 4045 regnum
1149 3963 1275 4039 Scocie,
1290 3973 1324 4026 et
1341 3962 1418 4027 lecit

313 4069 506 4152 homagium
532 4069 616 4150 Regi
640 4067 774 4150 Anglie,
797 4067 992 4151 positusque
1019 4077 1070 4131 est
1094 4069 1126 4130 in
1150 4067 1229 4131 sede
1252 4069 1344 4148 regni
1367 4069 1418 4132 sui

313 4185 391 4238 ante
423 4173 545 4237 Natale
575 4173 712 4249 domini,
735 4193 825 4236 anno
855 4174 1005 4236 eiusdem
1037 4185 1169 4236 .m⁰.cc⁰.
1200 4175 1418 4256 nonogesimo

237 4305 254 4354 s.
267 4319 296 4370 91
313 4282 479 4358 secundo,
504 4299 562 4343 nec
579 4289 691 4342 tamen
708 4289 827 4342 vnctus
842 4287 922 4354 erat,
939 4298 1000 4342 nec
1012 4277 1169 4341 diadema
1184 4279 1254 4342 auri
1271 4277 1417 4361 positum

469 4419 478 4452 ¹
496 4420 608 4472 Bernard
619 4422 651 4471 de
662 4421 758 4481 Gouth,
772 4419 849 4472 Card.
861 4422 896 4486 bp
907 4422 936 4471 ol
945 4421 1055 4482 Albano,
1072 4435 1240 4488 1294-1297.

470 4503 479 4534 ¹
497 4505 583 4555 Simon
597 4504 728 4560 Beaulieu,
741 4505 775 4568 bp
787 4503 816 4552 oi
825 4504 970 4560 Ptlettrina,
985 4520 1152 4571 ηιμ-1297.
