3192 5067
778 314 992 389 Chesterton
1317 309 1436 411 [soon

639 587 667 650 3.
713 567 816 636 Carta
838 569 941 653 Regis
956 568 1129 654 Johannis

167 718 307 823 {2³:353}
382 718 527 789 Johannes
542 718 626 791 [etc]
665 721 768 777 Sciatis
788 739 841 777 nos
861 722 1035 777 concessisse
1050 734 1078 776 et
1098 720 1221 793 presenti
1239 730 1318 775 carta
1339 728 1436 773 nostra

166 820 279 874 nnprit.
330 805 513 863 confirmasse
531 810 619 864 Priori
638 821 666 865 et
683 810 828 866 cononicis
846 812 882 867 de
900 811 1072 867 Bernewelle
1085 811 1161 883 quod
1178 819 1293 865 teneant
1305 809 1340 863 de
1353 806 1435 862 nobis

166 882 284 972 mium
330 906 359 950 et
370 897 521 953 heredibus
534 899 637 954 nostris
645 900 841 971 inperpetuum
851 902 945 956 villain
956 901 991 955 de
1002 902 1167 956 Cestertone
1180 916 1244 955 cum
1256 896 1436 969 pertinenciis

166 933 388 1064 {ffeffl‘ssoffsuis
412 985 450 1041 ad
474 986 549 1042 leodi
576 987 687 1043 firmam
715 1006 766 1060 pro
795 990 909 1061 triginta
937 989 1015 1044 libris
1044 987 1240 1059 sterlingorum
1270 987 1435 1041 blancorum

167 1078 193 1161 g>
188 1071 254 1173 ‘1¹ng
262 1121 288 1163 ln
329 1076 475 1130 annuatim
493 1077 646 1133 reddendis
663 1078 701 1131 ad
717 1077 890 1134 scaccarium
915 1078 952 1134 ad
971 1077 1042 1133 duos
1067 1078 1133 1133 anni
1154 1078 1307 1133 terminos:
1329 1074 1436 1129 scilicet

168 1171 205 1213 see
216 1171 288 1213 farm·
330 1164 368 1220 ad
380 1164 483 1221 festum
495 1167 587 1222 sancti
601 1166 750 1223 Michaelis
765 1168 926 1240 quindecim
944 1168 1038 1236 libras,
1052 1178 1079 1222 et
1097 1168 1134 1222 ad
1150 1167 1260 1221 Pascha
1274 1162 1435 1235 quindecim

330 1252 425 1322 libras,
438 1252 479 1308 ita
490 1255 567 1324 quod
579 1272 631 1310 nos
644 1256 732 1327 quieti
750 1257 839 1311 simus
852 1257 888 1312 de
901 1256 999 1311 decern
1012 1255 1090 1311 libris
1106 1253 1214 1325 argenti
1231 1254 1267 1309 de
1281 1250 1435 1310 elemosina

330 1350 427 1396 nostra
439 1359 525 1412 quam
537 1343 578 1397 eis
591 1342 737 1398 annuatim
749 1344 858 1399 soluere
871 1343 1016 1399 debemus.

384 1430 478 1500 Quare
497 1431 628 1487 uolumus
646 1442 674 1487 et
692 1430 810 1487 fimiter
825 1432 995 1504 precipimus
1017 1432 1093 1503 quod
1111 1428 1228 1502 predicti
1246 1428 1326 1484 Prior
1344 1438 1373 1483 et
1389 1444 1435 1483 ca·

330 1516 424 1573 nonici
435 1519 560 1575 habeant
570 1530 597 1575 et
606 1530 720 1576 teneant
729 1520 885 1591 predictam
896 1522 998 1575 willam
1011 1521 1073 1590 (sic)
1086 1521 1121 1575 de
1136 1520 1299 1575 Cestertone
1312 1520 1392 1585 bene,
1406 1527 1435 1572 et

331 1605 359 1660 in
374 1624 453 1677 pace,
467 1608 553 1662 libere
569 1618 597 1663 et
613 1609 716 1679 quiete,
729 1610 846 1679 integre,
859 1612 990 1680 plenarie,
1004 1622 1031 1664 et
1048 1608 1209 1675 honorifice,
1223 1624 1287 1662 cum
1302 1605 1434 1661 omnibus

230 1694 248 1742 l.
261 1693 318 1744 26b
330 1696 505 1753 libertatibus
518 1709 546 1754 et
558 1698 654 1754 liberis
666 1700 918 1755 consuetudinibus
930 1700 989 1755 suis
1001 1701 1074 1755 sicut
1087 1697 1244 1769 predictum
1256 1706 1306 1751 est.
1343 1693 1434 1750 Testi-

330 1786 415 1841 bus...
455 1790 532 1843 Data
552 1805 603 1859 per
626 1806 728 1845 manus
754 1791 782 1845 S.
802 1790 1002 1845 Archidiaconi
1021 1788 1173 1845 Wellensis
1198 1796 1226 1841 et
1246 1788 1271 1857 J.
1297 1786 1333 1841 de
1358 1788 1435 1855 Gray

330 1874 529 1932 Archidiaconi
560 1877 791 1933 Glowcestrensis
822 1877 897 1949 apud
930 1879 1075 1935 Porcestre
1088 1918 1094 1933 .
1109 1884 1241 1943 xx⁰v1J⁰.
1255 1875 1302 1933 die
1331 1872 1435 1945 Aprilis

331 1962 424 2033 Regni
444 1965 531 2019 nostri
550 1982 626 2020 anno
644 1964 743 2037 primo.

329 2143 358 2206 4
404 2127 456 2190 De
474 2128 772 2213 confirmactbnibus
791 2130 894 2214 Regis
913 2130 1054 2195 Henrici
1070 2142 1103 2195 et
1121 2129 1224 2214 Regis
1242 2127 1434 2193 Eadwardi.

396 2274 450 2338 De
474 2275 620 2339 Henrico
645 2275 739 2360 Rege
761 2275 830 2341 filio
855 2276 958 2360 Regis
980 2276 1143 2360 Johannis
1165 2274 1328 2340 habemus
1350 2275 1435 2339 duas

329 2388 439 2443 cartas
471 2378 756 2446 confirmacionis:
794 2382 921 2446 scilicet
951 2402 1011 2465 pro
1043 2387 1134 2445 ΧΧΧ·
1163 2380 1254 2445 libris
1284 2378 1434 2444 blanchis

330 2499 445 2549 .xxxl
461 2536 468 2549 .
486 2486 576 2550 libris
607 2508 753 2553 numero.
805 2488 858 2552 De
890 2488 984 2571 Rege
1012 2486 1202 2551 Eadwardo
1232 2485 1301 2550 filio
1332 2484 1435 2569 Regis

332 2592 469 2656 Henrici
507 2592 669 2657 habemus
706 2604 833 2659 cartam
875 2592 1139 2658 confirmacionis
1180 2613 1244 2677 que
1285 2591 1435 2657 continet

329 2706 479 2761 tenorent
503 2698 689 2780 patrissui,
711 2700 786 2762 sic:

570 2868 594 2935 5.
643 2853 856 2939 Confirmtio
877 2853 981 2939 Regis
1002 2853 1196 2918 Eadwardi.

166 3001 315 3103 gzzrrtyerlpp
382 2998 557 3054 Eadwardus
579 2999 633 3053 Dei
652 2997 750 3069 gracia
767 3010 820 3055 etc.
861 2998 1038 3069 inspeximus
1062 3008 1169 3054 canani
1194 2999 1386 3053 concessionis
1407 3007 1435 3053 et

165 3104 274 3153 catedra
329 3086 554 3142 confirmacionis
573 3102 658 3157 quam
675 3086 808 3142 dominus
828 3088 969 3143 Henricus
987 3088 1132 3158 quondam
1156 3088 1215 3142 Rex
1234 3087 1338 3157 Anglie
1355 3096 1436 3156 pater

165 3152 305 3244 gssffiss'
328 3185 424 3230 noster
436 3175 502 3230 lecit
516 3172 602 3228 Priori
617 3184 645 3229 et
657 3175 801 3229 canonicis
814 3175 850 3229 de
865 3176 1036 3230 Bernewelle
1049 3175 1078 3228 in
1090 3174 1143 3230 hec
1156 3174 1261 3230 verba:

163 3214 313 3393 ῑξιξξξζοῖ
383 3262 524 3317 Henricus
543 3258 629 3331 [eth.
667 3262 768 3316 Sciatis
789 3280 841 3316 nos
861 3262 1036 3317 concessisse
1054 3273 1082 3316 et
1100 3261 1222 3333 presenti
1242 3272 1320 3317 carta
1339 3271 1436 3315 nostra

165 3353 282 3445 ‘3223
329 3349 511 3406 confirmasse
540 3350 628 3403 Priori
660 3359 688 3403 et
716 3350 862 3405 canonicis
894 3350 930 3405 de
963 3350 1132 3405 Bernewelle
1162 3350 1238 3419 quod
1267 3350 1363 3404 villam
1398 3349 1435 3404 de

166 3452 251 3495 nmen
261 3453 294 3504 by
329 3440 494 3495 Cestertone
510 3454 576 3494 cum
588 3438 769 3509 pertinenciis
786 3440 845 3493 suis
862 3456 947 3510 quam
964 3438 1096 3494 dominus
1112 3438 1258 3510 Johannes
1277 3439 1337 3493 Rex
1355 3448 1435 3510 pater

166 3503 275 3655 ἓξὲξ
286 3502 306 3543 ¹¹
329 3538 425 3583 noster
442 3528 484 3583 eis
502 3536 680 3583 concesserat
697 3537 726 3581 et
744 3537 823 3582 carta
841 3544 892 3583 sua
910 3527 1087 3583 confirmauit
1107 3528 1144 3581 ad
1163 3528 1237 3582 feodi
1255 3527 1364 3581 firmam
1384 3544 1435 3598 pro

167 3613 177 3643 ¹
218 3633 224 3644 ·
328 3617 444 3689 triginta
462 3616 541 3672 libris
561 3614 758 3685 sterlingorum
777 3616 942 3673 blancorum
962 3617 1108 3673 annuatim
1129 3617 1281 3672 reddendis
1302 3617 1339 3671 ad
1357 3635 1434 3673 scac-

328 3706 436 3762 carium
449 3716 575 3760 nostrum
587 3706 711 3760 habeant
723 3715 753 3759 et
765 3714 879 3761 teneant
892 3706 927 3761 de
940 3715 1034 3762 cetero
1047 3706 1087 3762 sic
1100 3706 1135 3767 de
1147 3705 1229 3761 nohis
1242 3715 1271 3761 et
1284 3706 1434 3763 heredibus

328 3795 432 3870 nostris
449 3794 487 3850 ad
503 3794 578 3849 leodi
595 3793 706 3849 firmam
723 3812 774 3865 pro
791 3794 906 3865 triginta
923 3813 978 3851 vna
994 3795 1072 3851 libris
1084 3813 1201 3850 numero
1214 3796 1383 3852 reddendis¹
1396 3798 1434 3851 ad

330 3884 502 3938 scaccarium
520 3893 647 3937 nostrum
666 3882 703 3936 ad
721 3883 793 3937 duos
811 3884 946 3938 terminos
964 3882 1070 3939 scilicet
1088 3884 1126 3939 ad
1145 3884 1255 3938 Pascha
1271 3884 1433 3955 quindecim

328 3972 415 4026 libras
436 3981 463 4025 et
484 3971 583 4025 decem
605 3969 719 4033 solidos,
745 3982 774 4025 et
795 3973 833 4026 ad
857 3973 958 4026 festum
982 3972 1072 4027 sancti
1099 3972 1247 4027 Michaelis
1272 3971 1433 4043 quindecim

328 4060 415 4115 libras
432 4071 461 4115 et
480 4059 577 4113 decem
596 4060 709 4115 solidos.

382 4150 427 4203 lta
439 4148 514 4218 quod
532 4164 584 4202 nos
600 4160 630 4203 et
645 4148 763 4203 heredes
776 4148 863 4203 nostri
877 4150 1014 4219 perhanc
1026 4150 1240 4205 concessionem
1253 4160 1379 4205 nostram
1392 4152 1433 4206 eis

328 4237 433 4291 iactam
460 4236 547 4307 quieti
578 4236 682 4291 erimus
710 4234 907 4308 inperpetuum
937 4238 973 4292 de
998 4238 1095 4293 decem
1122 4238 1199 4294 libris
1224 4240 1333 4309 argenti
1362 4256 1432 4310 quas

669 4355 679 4389 ¹
695 4355 760 4407 libra
771 4374 874 4409 numero
886 4358 1018 4419 reddend',
1033 4360 1089 4412 MS.
