3192 5067
345 320 392 387 62
604 316 664 413 Of
682 318 794 413 King
817 316 995 390 Edward
1015 316 1076 389 the
1101 316 1210 389 Fz'rst
1335 315 1453 417 [Book

179 506 206 547 ¹·
178 508 330 600 sswffl
343 501 519 579 omnibus,
542 503 679 565 ueniens
694 512 806 566 autern
824 505 857 567 in
882 502 1041 585 Angliam
1063 502 1199 567 biennio
1219 514 1294 587 post
1310 514 1450 569 mortem

178 569 275 711 {⁹¹33
214 614 291 658 nm·
344 606 448 686 patris
463 606 513 669 sui
529 617 707 671 coronatus
723 615 773 670 est
793 608 883 690 apud
902 608 1238 672 westmonasterium
1254 630 1329 673 cum
1346 609 1451 691 gloria

179 670 268 761 ”7’·“κ
344 728 475 790 magna.

178 808 299 902 (Ἀώς
408 814 537 880 Omnes
557 815 646 879 iudei
667 836 727 898 per
747 825 854 880 totam
871 815 1033 899 Angliam
1054 838 1099 880 ex
1122 818 1293 900 inprouiso
1315 818 1451 900 capiun-

178 909 269 960 ⁹⁰¹¹‘Y·
341 925 397 980 tur
418 928 555 1001 propter
576 921 801 983 retonsionem
827 930 961 983 monete
984 922 1016 983 in
1040 941 1106 985 vno
1130 921 1192 985 die.
1239 922 1339 986 Multi
1363 922 1450 985 iudei

342 1021 591 1103 suspenduntur
619 1033 654 1088 et
685 1024 780 1088 multi
812 1023 938 1088 iaciunt
969 1025 1248 1108 redempcionenr,
1275 1025 1363 1090 vnde
1391 1046 1450 1090 rex

342 1124 459 1189 habuit
493 1146 537 1189 ex
569 1128 674 1191 iudeis
704 1130 799 1211 quasi
831 1132 1005 1212 pecuniam
1044 1129 1217 1195 infinitam.
1275 1131 1352 1194 Rex
1390 1130 1452 1195 iste

341 1238 468 1292 statuta
499 1229 605 1295 multa
634 1230 720 1295 iecit
782 1232 855 1296 Pax
886 1233 975 1296 bona
1004 1253 1064 1316 per
1093 1243 1202 1298 totum
1237 1254 1385 1317 regnum,
1417 1244 1452 1298 et

342 1331 495 1394 iniuriam
526 1333 733 1416 pacientibus
764 1334 889 1399 bononi
922 1337 1116 1401 remedium,
1162 1338 1239 1401 Rex
1267 1347 1375 1403 castra
1402 1358 1450 1401 re-

342 1447 438 1518 parat
454 1447 488 1500 et
504 1436 636 1513 firmat;
660 1437 831 1501 machinas
848 1438 958 1515 leuat;
981 1460 1086 1521 equos
1102 1439 1227 1503 electos
1242 1442 1323 1504 satis
1339 1451 1450 1521 amat3

341 1552 376 1605 et
398 1543 499 1605 timor
520 1542 591 1605 eius
614 1543 647 1604 in
671 1544 822 1606 omnium
845 1544 947 1606 corda
970 1544 1143 1607 redundat.
1190 1544 1253 1608 Per
1276 1545 1450 1621 decimam,

342 1646 670 1727 quintamdecimam,
699 1648 903 1722 vicesimam,
939 1658 972 1711 et
1006 1648 1218 1721 tricesimam,
1254 1649 1377 1713 clerum
1417 1659 1450 1714 et

342 1748 504 1832 populum
527 1760 640 1815 uexat

176 1860 329 1963 ”¹22²ss
407 1852 580 1917 Walenses
603 1865 741 1919 mouent
763 1866 880 1920 contra
903 1877 978 1921 eum
1003 1876 1165 1939 guerram,
1187 1858 1246 1921 sed
1274 1857 1351 1921 illuc
1373 1878 1449 1921 curn

177 1960 234 2013 ¹²⁷⁸·
341 1977 402 2021 suo
423 1961 591 2022 excercitu
612 1961 762 2032 tendens
781 1960 993 2044 depopulatis
1018 1981 1132 2025 eorum
1155 1962 1260 2037 terris,
1279 1971 1313 2026 et
1336 1960 1451 2025 multis

341 2061 517 2144 utrobique
551 2062 742 2138 intersectis,
771 2073 879 2128 totam
916 2063 1073 2128 Walliam
1110 2064 1172 2128 sibi
1203 2065 1331 2141 subicit,
1361 2085 1451 2128 anno

341 2166 433 2248 regni
463 2167 514 2230 sui
545 2168 600 2249 xj.
647 2166 834 2233 Lewelinus
861 2166 948 2232 iilius
978 2166 1106 2233 Griffini
1137 2170 1292 2253 princeps
1318 2169 1449 2243 Wallie,

340 2280 375 2335 et
406 2270 518 2334 Dauid
549 2271 650 2337 irater
679 2273 760 2349 eius,
785 2272 949 2338 interiecti
962 2295 970 2351 ;
1001 2282 1034 2337 et
1064 2294 1178 2337 eorum
1210 2274 1322 2357 capita
1352 2294 1451 2357 super

340 2376 550 2441 altitudinem
578 2376 694 2441 Turris
721 2377 865 2441 London
897 2379 938 2442 ad
970 2376 1196 2461 spectaculum
1229 2378 1345 2462 populi
1372 2386 1449 2441 sunt

339 2500 497 2565 appensa.
543 2480 675 2564 Corpus
705 2480 819 2544 Dauid
850 2489 902 2544 est
932 2480 965 2544 in
992 2488 1136 2563 quatuor
1162 2490 1273 2563 partes
1303 2479 1447 2545 diuisum

339 2604 405 2667 que
429 2605 488 2667 per
513 2593 658 2669 quatuor
683 2594 794 2667 partes
819 2584 946 2666 Anglie
972 2585 1005 2647 in
1033 2585 1138 2667 portis
1164 2585 1339 2649 ciuitatum
1371 2592 1449 2649 sunt

339 2709 519 2774 suspense3
542 2690 669 2754 viscera
688 2690 759 2753 eius
779 2698 857 2753 sunt
877 2690 953 2772 igne
974 2698 1194 2753 concremata.
1242 2690 1318 2753 Rex
1335 2698 1447 2755 autern

341 2792 548 2859 Eadwardus
563 2794 718 2859 transiuit
734 2814 793 2878 per
810 2796 924 2858 omnia
945 2795 1126 2858 secreciora
1142 2795 1265 2858 montis
1286 2795 1398 2870 niuei¹,
1413 2804 1448 2858 et

339 2920 399 2981 per
421 2900 618 2965 remociores
641 2908 753 2984 partes
778 2899 887 2964 tocius
913 2898 1044 2971 Wallie,
1072 2897 1215 2963 iaciebat
1242 2898 1448 2963 municiones

339 3010 533 3079 castrorum,
555 3012 590 3067 et
616 3005 698 3068 dato
724 3003 837 3085 precio
863 3002 1019 3067 ecclesias
1049 3001 1243 3066 combustas
1273 3002 1448 3084 reparauit.

339 3106 506 3173 Custodes
529 3115 616 3170 terre
640 3106 816 3183 ordinauit,
840 3116 874 3169 et
896 3105 987 3188 leges
1014 3125 1119 3169 nouas
1143 3106 1260 3170 statuit
1284 3126 1342 3189 per
1364 3125 1447 3188 quas

338 3210 460 3274 diuites
487 3220 520 3275 et
547 3230 709 3294 pauperes
737 3219 875 3294 possent
901 3218 1019 3274 mutua
1046 3229 1128 3292 pace
1152 3209 1306 3291 gaudere.
1351 3208 1447 3273 Tunc

338 3314 474 3398 quidem
499 3315 628 3397 peperit
652 3314 682 3378 ei
709 3313 872 3377 Alianora
899 3312 1031 3396 Regina
1059 3311 1162 3376 filium
1190 3332 1290 3395 quern
1314 3313 1447 3377 uocauit

339 3418 564 3483 Eadwardum
597 3419 641 3481 de
672 3416 893 3493 Karnaruam,
923 3416 1002 3499 quia
1038 3416 1070 3478 in
1107 3416 1180 3499 ipso
1210 3426 1319 3480 castro
1349 3426 1447 3481 natus

338 3534 397 3587 est
444 3523 521 3585 Rex
543 3531 656 3586 autem
685 3520 829 3585 London
857 3520 988 3585 rediens
1013 3529 1187 3603 susceptus
1210 3529 1260 3584 est
1283 3540 1358 3585 cum
1383 3529 1445 3584 tre-

339 3628 442 3713 pudio
465 3647 598 3711 magno.

175 3746 319 3790 stantem
404 3730 483 3795 Rex
509 3731 716 3795 Eadwardus
742 3748 861 3812 graues
889 3728 979 3810 leges
1006 3728 1124 3793 statuit
1146 3736 1264 3792 contra
1287 3728 1374 3791 uiros
1398 3749 1446 3791 re-

173 3798 298 3901 rnem’
338 3836 483 3919 ligiosos‚
499 3856 541 3899 ne
552 3837 596 3899 de
611 3845 723 3899 cetero
738 3843 875 3919 possent
891 3854 1084 3897 accrescere.
1130 3833 1277 3897 Grauem
1294 3834 1445 3915 redemp-

339 3941 470 4005 cionem
507 3941 596 4023 capit
626 3940 669 4003 de
700 3938 890 4022 justiciariis
926 3946 959 4001 et
993 3936 1160 4001 Thomam
1199 3935 1241 4001 de
1276 3936 1444 4020 Weyland

173 4102 218 4145 05
175 4051 326 4156 Nm,
339 4046 481 4129 expellit
505 4065 525 4108 a
552 4064 662 4127 regno.
708 4042 838 4108 Omnes
868 4042 984 4106 iudeos
1015 4062 1034 4105 a
1059 4040 1180 4105 finibus
1207 4041 1330 4125 Anglie
1357 4061 1446 4105 anno

174 4163 282 4206 ιη’-ν’·
339 4150 432 4234 regni
452 4148 502 4213 sui
524 4148 605 4213 xix.
621 4146 770 4231 expellit,
793 4155 828 4210 et
848 4145 967 4209 domos
990 4166 1104 4209 eorum
1128 4147 1170 4209 ad
1193 4145 1322 4210 libitum
1348 4165 1443 4209 suurn

337 4255 406 4332 dat,
431 4253 559 4329 retinet,
582 4261 617 4315 et
643 4251 768 4327 uendit,
791 4258 827 4313 et
852 4248 946 4331 quasi
973 4248 1149 4331 pecuniam
1177 4248 1341 4313 infinitam
1367 4250 1445 4313 inde

172 4380 259 4433 tub
337 4358 461 4442 recipit
507 4356 584 4420 Rex
611 4364 723 4420 autem
755 4375 816 4437 pro
845 4354 1044 4435 expulsione
1074 4354 1247 4417 iudeorum
1279 4352 1395 4417 habuit
1425 4373 1445 4418 a

810 4464 974 4515 'Snowdom
