3192 5067
356 371 401 461 58
608 368 669 466 Of
688 368 800 467 Kz'ng
823 368 1000 442 Rz'clzard
1020 367 1082 441 tlte
1107 367 1217 441 Fz'rst
1339 363 1459 467 [Boou
1562 426 1563 429 η

353 562 543 634 portantem
574 552 664 617 mille
694 563 729 619 et
757 554 959 639 quingentos
990 575 1140 639 paganos
1165 553 1349 632 bellicosos,
1374 574 1459 637 quos

354 656 534 722 Saladinus
560 678 636 722 cum
664 659 765 723 armis
791 670 826 725 et
853 658 1053 724 uictualibus
1080 659 1112 723 in
1143 660 1314 723 ciuitatem
1341 658 1458 723 Accon

354 761 486 825 mittere
509 762 727 845 disposuerat.
783 763 895 848 Quam
922 764 1124 848 perforatam
1149 764 1262 828 rostris
1288 762 1458 847 galearum

353 885 487 930 suarum
510 866 696 943 submersit,
721 868 926 952 mortuisque
951 870 1100 953 paganis,
1123 868 1259 933 ueniens
1283 869 1316 931 in
1342 868 1458 932 Accon

353 970 534 1049 ciuitatem,
549 972 680 1035 reddita
702 982 754 1035 est
775 973 806 1036 ei
830 972 946 1037 ciuitas
970 982 1004 1037 et
1028 972 1181 1057 Philippo
1205 973 1291 1056 Regi
1314 972 1460 1037 Francie.

356 1074 531 1139 Redeunte
554 1096 634 1139 uero
661 1075 817 1160 Philippo
845 1076 939 1159 Rege
968 1076 1106 1141 Francie
1133 1076 1167 1139 in
1194 1077 1336 1158 patriam
1364 1095 1459 1139 suam

355 1179 584 1262 ignominiose,
609 1179 686 1244 Rex
709 1180 873 1243 Ricardus
888 1198 969 1243 'curn
991 1180 1059 1243 suis
1081 1182 1174 1243 uenit
1199 1178 1461 1255 lherosolimam,
1515 1186 1518 1195 '

354 1293 388 1349 et
404 1284 546 1348 occurrit
566 1285 597 1349 ei
618 1286 806 1350 excercitus
827 1304 1034 1368 paganorum
1054 1285 1107 1349 .xi.
1131 1285 1267 1350 milium.
1328 1282 1460 1367 Quibus

354 1388 495 1453 deuictis
520 1398 555 1452 et
581 1389 769 1464 intersectis,
794 1389 902 1473 spolia
927 1410 1054 1453 eorum·
1069 1391 1228 1472 possedit,
1254 1410 1329 1454 curn
1354 1390 1460 1454 tribus

355 1492 502 1556 millibus
522 1494 725 1557 camelorum
742 1501 776 1557 et
796 1494 861 1560 iiii.
878 1494 1025 1559 millibus
1046 1516 1207 1577 equorum
1229 1504 1264 1560 et
1285 1495 1458 1559 mulorum.

356 1596 478 1680 Bisque
508 1596 636 1681 fugauit
667 1599 852 1662 exercitum
880 1598 1030 1664 Saladini
1057 1609 1091 1664 et
1117 1599 1287 1663 ciuitatem
1319 1600 1458 1683 loppem
1487 1604 1489 1609 '

356 1701 510 1766 liberauit
528 1712 562 1765 et
577 1702 643 1766 alia
658 1701 765 1768 multa
780 1703 919 1767 uiriliter
933 1702 1018 1768 fecit.
1067 1704 1204 1768 Auditis
1220 1714 1333 1769 autem
1349 1724 1459 1768 rumo-

356 1805 447 1869 ribus
471 1806 614 1870 sinistris
643 1827 664 1869 a
695 1806 845 1871 Iohanne
873 1808 972 1872 fratre
999 1828 1059 1871 suo
1085 1808 1142 1891 qui
1170 1828 1308 1891 regnum
1336 1806 1460 1890 Anglie

355 1930 519 1993 occupare
541 1910 733 1987 conabatur,
752 1910 785 1974 in
811 1930 950 1993 regnum
973 1930 1069 1974 suum
1094 1908 1220 1993 Anglie
1242 1910 1348 1974 redire
1371 1910 1460 1974 festi-

191 2034 328 2128 m„
355 2015 457 2079 nauit„
503 2014 714 2078 Redeuntem
733 2026 847 2079 autem
871 2014 963 2078 illum
987 2015 1069 2079 Dux
1091 2014 1227 2079 Austrie
1248 2014 1460 2098 Limpoldus¹

191 2136 303 2237 pppppr
355 2118 444 2201 cepit
479 2118 707 2202 exinopinato,
738 2129 772 2183 et
811 2120 958 2184 Henrico
988 2120 1180 2203 imperatori
1211 2141 1273 2203 pro
1303 2141 1338 2184 ,c
1370 2118 1460 2183 mille

191 2238 320 2327 ffll‘m‘·
356 2243 541 2287 marcarum
572 2222 665 2287 illum
696 2226 857 2302 uendidit,
884 2224 972 2289 vnde
998 2235 1137 2308 uterque
1164 2225 1294 2290 illorum
1321 2246 1342 2290 a
1371 2246 1461 2308 papa

192 2337 322 2428 pugg&
356 2326 526 2393 Celestino
549 2337 601 2393 est
626 2329 946 2395 excommunicatus.
994 2330 1203 2416 Redemptus
1229 2342 1281 2397 est
1305 2341 1460 2396 autema

193 2399 307 2490 ssbnsssh·
355 2430 443 2494 clero
458 2441 493 2497 et
508 2431 635 2514 populo
651 2432 778 2515 Anglie
799 2453 859 2516 pro
881 2444 1015 2499 centum
1037 2435 1127 2499 mille
1148 2435 1305 2500 librarum
1322 2436 1460 2519 argenti.

357 2535 533 2599 Liberatus
554 2536 597 2599 ad
617 2536 778 2619 Angliam
795 2538 888 2601 uenit
907 2560 982 2602 curn
1005 2540 1128 2621 gaudio
1148 2560 1279 2624 magno,
1295 2549 1328 2604 et
1343 2560 1460 2604 omnes

356 2639 623 2704 machinaciones
646 2640 810 2722 Johannis
835 2640 942 2707 fratris
970 2644 1020 2706 sui
1045 2644 1222 2727 aspirantis
1249 2646 1292 2708 ad
1321 2664 1458 2727 regnum

193 2744 299 2835 {gud
356 2743 389 2807 in
411 2744 504 2809 breui
531 2743 764 2808 adnichelauit.
812 2745 888 2809 Rex
915 2747 976 2810 iste
1002 2747 1175 2826 Ricardus,
1198 2749 1351 2831 princeps
1377 2747 1459 2812 nulli

190 2843 334 2944 ,delgffffiss
355 2848 529 2924 secundus,
559 2868 648 2911 anno
683 2849 774 2931 regni
806 2850 857 2912 sui
887 2856 941 2914 .x⁰.
973 2850 1039 2914 ictu
1070 2853 1192 2935 sagitte
1223 2873 1397 2936 percussus
1427 2852 1459 2915 in

191 2944 269 3045 2222·
280 2993 329 3036 οἱ,
357 2952 505 3015 musculo
520 2951 646 3034 brachij
663 2951 754 3016 obiit.
801 2953 895 3016 Prius
914 2964 1027 3019 tamen
1049 2957 1079 3019 ei
1094 2956 1151 3039 qui
1168 2956 1289 3021 uulnus
1305 2956 1461 3021 intulerat

190 3046 341 3145 ffiffi‘ldby
356 3066 496 3119 mortem
514 3056 727 3120 condonauit.
765 3055 897 3140 Corpus
913 3068 1025 3122 autem
1044 3060 1137 3124 istius
1155 3059 1288 3124 Ricardi
1306 3060 1339 3122 in
1356 3060 1460 3123 tribus

191 3156 223 3186 ⁸¹¹
233 3155 321 3186 “¹⁰⁹''
354 3157 434 3223 locis
450 3168 501 3224 est
515 3160 705 3242 sepultum;
727 3160 816 3224 vnde
833 3160 1036 3227 uersificator
1050 3164 1187 3245 quidam
1203 3164 1250 3227 sic
1266 3164 1332 3227 ait:

497 3319 616 3375 Uiscera
635 3318 825 3389 Carceolum²‚
845 3336 947 3392 corpus
967 3324 1043 3378 Fons
1062 3332 1156 3379 seruat
1176 3324 1313 3394 Ebrandi,

531 3408 569 3461 Et
587 3423 637 3462 cor
655 3408 854 3476 Rotomagum,
873 3425 975 3479 magne
995 3409 1123 3480 Ricarde,
1143 3422 1229 3467 tuum.

497 3496 531 3548 ln
550 3494 604 3548 tria
622 3494 764 3565 diuiditur,
782 3511 855 3549 vnus
873 3496 940 3567 quia
957 3498 1020 3567 plus
1039 3498 1090 3553 suit
1109 3516 1166 3555 uno
1176 3518 1183 3565 ;

532 3586 594 3639 Nec
612 3592 739 3655 superest
757 3583 805 3639 uni
824 3584 920 3653 gracia
939 3597 1019 3641 tanta
1036 3588 1105 3642 uiro.

354 3734 482 3797 Anima
497 3735 569 3797 eius
584 3734 771 3816 requiescat
786 3735 820 3798 in
836 3756 927 3818 pace.

404 3905 412 3937 ¹
431 3906 546 3970 leopold
558 3905 600 3963 V..
613 3906 689 3954 Duke
701 3904 731 3954 ol
739 3906 850 3962 Austria.
865 3918 1033 3975 1177-1194.

402 3988 413 4019 ²
428 3988 492 4037 This
502 3988 572 4037 word
587 3987 608 4038 is
622 3988 730 4052 perhaps
745 3988 865 4037 intended
881 3996 906 4038 to
923 3988 986 4039 refer
1001 3998 1027 4038 to
1043 3990 1137 4041 Chnlus
1149 4008 1177 4041 or
1194 3992 1315 4043 Charrou.
1351 3995 1458 4045 Richard

353 4088 405 4122 was
415 4071 494 4121 killed
505 4079 531 4120 at
547 4070 589 4121 the
600 4072 668 4135 siege
684 4069 713 4119 oi
726 4070 830 4129 chalus,
842 4072 893 4121 and
909 4072 951 4123 the
965 4071 1095 4137 following
1110 4084 1215 4125 account
1231 4075 1261 4124 oi
1273 4075 1312 4126 his
1323 4078 1409 4127 orders
1424 4078 1460 4127 ior

352 4156 395 4205 the
405 4154 516 4219 disposal
527 4154 557 4204 ol
569 4154 609 4204 his
619 4154 727 4204 remains
738 4155 760 4205 is
773 4154 849 4219 given
863 4156 896 4219 by
909 4156 994 4221 Roger
1007 4158 1039 4206 de
1057 4158 1180 4208 lloveden
1198 4158 1257 4223 (Ed.
1270 4160 1372 4222 Stubbs,
1387 4161 1459 4211 Rolls

353 4239 419 4298 Ser.)
430 4238 464 4286 iv.
477 4240 516 4300 84
555 4237 654 4287 Deinde
665 4238 784 4302 praecepit
795 4254 838 4287 rex
850 4246 878 4288 ut
892 4239 1020 4289 cerebrum
1037 4248 1062 4289 et
1077 4241 1178 4305 sanguis
1193 4241 1246 4292 eius
1261 4252 1285 4293 et
1303 4243 1397 4293 viscera
1413 4259 1458 4293 sua

350 4320 514 4383 sepelirentur
529 4320 598 4383 apud
615 4320 737 4374 Charton.
753 4330 778 4370 et
794 4338 839 4371 cor
855 4338 926 4371 suum
943 4323 1010 4387 apud
1029 4324 1224 4389 Rouomagum,
1237 4333 1262 4375 et
1278 4342 1369 4391 corpus
1386 4342 1458 4377 suum

350 4403 418 4467 apud
436 4402 555 4452 Frontem
573 4402 628 4466 (sic)
646 4403 767 4453 Ebrandi.
