3192 5067
135 345 208 448 vu]
487 348 650 424 Tcnants
676 349 716 424 z'n
742 348 945 424 Barnwell
1169 369 1237 442 321

204 536 300 600 Idem
324 535 509 602 Nicholaus
531 546 625 602 tenet
643 557 746 602 vnam
768 534 944 600 dimidiam
968 555 1080 600 acram
1104 545 1190 608 terre
1211 533 1244 596 in

137 640 306 706 Meldiche
331 650 366 705 et
392 640 501 705 reddit
524 662 583 725 per
608 662 733 706 annum
758 641 808 724 .vj:
836 641 991 708 denarios
1014 639 1129 725 [quam
1156 658 1245 703 nunc

136 755 230 810 tenet
253 744 427 810 Galiridus
442 743 576 830 Dallis].

203 849 307 933 Hugo
337 850 380 914 de
408 849 577 915 Neidham
604 859 698 916 tenet
723 870 825 916 unam
852 850 1003 934 placeam
1034 867 1184 924 vacuam,
1210 855 1244 911 et

135 952 246 1019 reddit
267 973 472 1037 perannum
495 953 570 1038 xiij.
594 954 769 1034 denarios3
795 953 912 1038 [quam
936 973 1024 1018 nunc
1047 961 1140 1017 tenet
1162 971 1244 1016 vxor

133 1056 307 1140 eiusdem}

201 1161 406 1226 Laurencius
422 1161 506 1226 Dixi
522 1172 615 1227 tenet
630 1183 732 1226 vnum
750 1161 959 1245 mesuagium
979 1161 1022 1225 ad
1041 1160 1150 1243 capud
1166 1159 1243 1224 ville

133 1265 225 1347 quod
242 1263 304 1330 suit
319 1265 461 1332 Galsridi
478 1265 619 1350 Ayiene‚
634 1275 669 1331 et
687 1265 797 1331 reddit
813 1285 1013 1350 perannum
1030 1285 1071 1329 .x.
1087 1263 1243 1328 denarios

134 1367 239 1452 [quod
257 1389 345 1435 nunc
361 1380 454 1435 tenet
468 1370 640 1454 Johannes
655 1371 754 1435 Vessi
769 1372 814 1434 de
830 1367 1068 1454 cantebrigia]¹

202 1472 297 1538 idem
330 1473 534 1538 Laurencius
565 1483 657 1539 tenet
683 1494 785 1539 vnum
815 1474 1023 1557 mesuagium
1051 1473 1148 1537 iuxta
1174 1492 1241 1536 me·

133 1578 287 1660 suagium
317 1578 446 1643 Nicolai
469 1579 512 1644 de
538 1579 723 1644 infirmaria
745 1589 780 1645 et
802 1580 913 1645 reddit
938 1599 997 1663 per
1023 1597 1147 1642 annum
1175 1575 1242 1660 .xij.

133 1682 297 1747 denarios

200 1785 370 1852 Gaiiridus
400 1786 487 1851 filius
517 1788 648 1852 Yuonis
677 1790 749 1853 coci
779 1797 873 1853 tenet
903 1807 1006 1852 vnum
1033 1786 1241 1870 mesuagium

134 1891 225 1974 quod
242 1891 304 1955 iuit
319 1890 452 1955 Yuonis
467 1893 571 1975 patris
586 1893 636 1956 sui
652 1903 686 1957 et
702 1892 813 1957 reddit
827 1891 868 1976 .ij.
885 1891 1018 1968 solidos,
1032 1890 1072 1974 ij.
1087 1909 1243 1973 capones,

133 1995 174 2078 .ij.
190 1997 362 2079 precarias

199 2098 369 2164 Walterus
399 2101 443 2164 de
472 2101 634 2166 Borwelie
664 2111 757 2167 tenet
782 2120 886 2166 vnum
914 2099 1121 2182 mesuagium
1150 2097 1240 2181 quod

133 2205 304 2286 quondam
336 2203 398 2269 iuit
435 2205 573 2270 Henrici
604 2205 688 2270 fabri
718 2215 752 2270 et
782 2206 893 2271 reddit
922 2225 982 2287 per
1011 2223 1136 2268 annum
1166 2201 1243 2286 .viij.

132 2307 288 2371 denarios
312 2307 417 2390 [quod
443 2329 532 2373 nunc
556 2319 648 2374 tenet
670 2308 842 2391 Johannes
864 2310 908 2373 de
930 2305 1101 2391 Costone}

199 2411 370 2493 Johannes
390 2413 433 2476 de
449 2412 597 2478 Costone
615 2421 708 2477 tenet
723 2433 827 2477 vnum
848 2412 1056 2494 mesuagium
1072 2411 1163 2495 quod
1180 2409 1241 2474 suit

135 2514 276 2581 Gaiiridi
303 2517 346 2580 de
373 2516 536 2581 Borweile
561 2527 596 2582 et
622 2517 732 2582 reddit
758 2517 824 2599 iiij.
851 2515 986 2588 solidos,
1012 2515 1052 2598 .ij.
1079 2514 1242 2592 denarios,

132 2620 175 2703 ij.
190 2639 344 2704 capones,
359 2621 423 2703 iiij.
440 2623 611 2704 precarias.

200 2723 350 2788 Thomas
372 2724 539 2808 Stebbing
559 2736 651 2790 tenet
669 2746 772 2790 vnum
794 2725 1002 2807 mesuagium
1024 2724 1115 2807 quod
1136 2742 1242 2806 quon-

134 2827 213 2892 dam
230 2827 291 2892 iuit
309 2828 448 2892 Roberti
464 2827 545 2892 Coei
561 2838 596 2892 et
611 2829 721 2893 reddit
736 2849 796 2912 per
811 2848 937 2892 annum
954 2827 1006 2912 iij.
1022 2827 1154 2891 solidos.

202 2932 307 3014 Hugo
328 2932 419 2998 faber
441 2943 534 2998 tenet
553 2954 656 2998 vnum
680 2933 890 3016 mesuagium
914 2935 1010 2996 iuxta
1033 2931 1241 3014 mesuagium

133 3036 215 3101 dicti
239 3036 371 3100 Thome
394 3037 569 3120 Stebbing,
584 3049 619 3102 et
642 3037 752 3102 reddit
767 3059 826 3122 per
847 3057 972 3102 annum
995 3036 1059 3120 ‚vij.
1079 3036 1241 3142 denarios.

201 3135 297 3198 Idem
331 3135 435 3220 Hugo
460 3147 553 3201 tenet
579 3157 681 3201 vnum
713 3137 921 3220 mesuagium
952 3137 1043 3221 quod
1070 3136 1240 3220 quondam

134 3237 196 3301 iuit
211 3237 373 3319 johannis
388 3239 432 3302 de
447 3236 560 3316 Thoit,
575 3250 610 3303 et
625 3239 736 3303 reddit
751 3258 811 3322 per
826 3258 950 3302 annum
968 3259 1005 3302 .v.
1021 3237 1155 3302 solidos

200 3341 296 3405 idem
310 3341 427 3424 Hugo¹
439 3351 532 3406 tenet
548 3363 648 3407 unam
664 3363 775 3408 acram
791 3353 878 3408 terre
890 3363 1005 3408 uersus
1018 3341 1242 3424 Steresbrege,

132 3454 168 3509 et
187 3444 297 3509 reddit
317 3464 377 3528 per
396 3465 522 3510 annum
540 3467 609 3510 ‚xre
629 3448 783 3512 denarios
799 3446 840 3531 ij.
856 3467 1001 3530 capones
1016 3443 1134 3530 [modo
1149 3454 1241 3510 tenet
1363 3477 1366 3486 ν

135 3546 324 3612 Willelmus
341 3547 455 3632 Roget
469 3568 560 3612 anno
575 3550 702 3614 domini
723 3551 827 3635 1461]

201 3650 297 3714 Idem
313 3650 417 3734 Hugo
432 3661 526 3716 tenet
541 3673 642 3718 unam
658 3653 832 3718 dimidiam
849 3674 959 3718 acram
976 3664 1062 3719 terre
1077 3655 1241 3719 iacentem

134 3754 168 3818 in
185 3755 333 3820 Meldich
348 3767 383 3821 et
399 3757 509 3823 reddit
525 3777 723 3841 perannum
741 3759 791 3841 ,vj.
809 3759 970 3823 denarios.

199 3860 363 3927 Ricardus
402 3862 511 3926 Linke
546 3873 638 3928 tenet
673 3883 776 3928 vnum
814 3865 1021 3946 mesuagium
1058 3863 1148 3946 quod
1180 3862 1242 3927 suit

134 3965 287 4030 Siluestri
303 3966 412 4030 Linke
432 3976 466 4031 et
485 3965 595 4030 reddit
611 3987 669 4049 per
684 3985 810 4030 annum
828 3967 868 4049 ij.
885 3967 1010 4031 solidos
1026 3966 1131 4049 [quod
1152 3986 1241 4030 nunc

132 4078 226 4134 tenet
241 4068 328 4134 filius
344 4069 425 4134 dicti
442 4069 603 4153 RicardiJ.

201 4171 393 4257 Stephanus
418 4175 462 4240 de
489 4173 647 4239 Pinecote
673 4184 766 4239 tenet
790 4194 892 4239 vnum
918 4174 1126 4257 mesuagium
1151 4175 1241 4257 quod

134 4275 196 4343 suit
211 4277 290 4343 Ade
306 4276 433 4355 Oliuer,
448 4289 483 4343 et
498 4278 609 4344 reddit
623 4299 683 4364 per
697 4300 823 4344 annum
840 4279 881 4363 ij.
897 4278 1032 4343 solidos.

183 4407 193 4440 ¹
211 4409 280 4462 Orer
291 4411 371 4478 Hugo
383 4411 403 4462 is
416 4411 513 4464 written
525 4413 578 4464 ina
590 4413 658 4464 hand
669 4413 699 4463 oi
707 4413 750 4464 the
764 4412 822 4476 r5th
833 4419 950 4478 centum
963 4411 1105 4461 Willelmus
1119 4411 1210 4476 Roget.

213 4537 242 4582 c.
1124 4541 1158 4580 21
