3192 5067
363 325 432 417 258
668 323 863 398 Hundred
884 322 934 418 os
954 320 1127 421 Cheveley
1349 319 1478 424 [soon

360 507 517 572 Willelmi
547 507 591 573 de
628 509 765 592 Moyun.
812 507 859 572 Et
889 508 978 572 idem
1010 517 1103 572 tenet
1132 508 1318 591 predictam
1350 517 1479 572 terram

360 613 403 675 de
427 611 574 676 Raduiio
597 613 640 678 de
663 615 763 696 Tony
786 615 821 677 in
844 615 988 696 socagio.

427 715 521 798 Bur}
556 715 898 799 [Burrough-GreenJ.
961 715 1110 780 Thomas
1147 716 1191 780 de
1230 717 1343 798 Burgo
1383 726 1479 781 tenet

362 819 460 883 seoda
485 819 526 902 .ij.
550 819 694 884 militum
722 822 754 883 in
784 820 875 902 Burg
898 821 931 883 in
956 819 1129 885 Swasham
1154 820 1198 884 de
1222 820 1347 884 honore
1375 821 1477 884 Rich·
1571 854 1572 887 1

363 923 506 987 mondie.
554 923 685 988 Ibidem
708 935 785 988 sunt
802 947 840 988 .v.
856 923 936 986 hide
956 933 1043 986 terre
1062 933 1096 986 et
1117 923 1258 988 dimidia
1278 924 1476 1006 geldabiles.
1571 974 1572 1005 3

365 1028 492 1094 Ibidem
510 1030 611 1093 debet
627 1028 716 1092 idem
733 1027 914 1112 T[homas]
930 1027 959 1109 .j.
978 1037 1105 1091 sectam
1121 1037 1156 1092 et
1173 1028 1287 1110 Roger
1300 1028 1345 1092 de
1367 1029 1475 1092 Essei

363 1134 389 1197 .i.
407 1143 542 1209 sectam,
557 1142 592 1196 et
608 1133 777 1217 predictus
794 1132 944 1197 Thomas
961 1153 1020 1216 per
1040 1151 1166 1196 annum
1183 1132 1259 1214 .vjs.
1279 1131 1324 1196 de
1343 1133 1477 1196 auxilio

362 1237 574 1301 vicecomitis.

427 1337 645 1421 Dullinglram
668 1338 927 1423 [DullinghamJ.
973 1339 1144 1420 Johannes
1170 1339 1261 1402 Biset
1284 1339 1407 1422 [tenet]
1422 1341 1475 1422 .vj.

361 1441 458 1505 hidas
480 1451 566 1505 terre
587 1443 630 1506 de
652 1442 809 1507 omnibus
832 1443 970 1526 quietas.
1020 1443 1149 1508 ibidem
1173 1452 1265 1507 tenet
1291 1444 1474 1528 Estrangia

361 1545 402 1629 ij.
419 1545 514 1610 hidas
529 1555 616 1610 terre
636 1547 822 1628 geldabiles
833 1547 877 1611 de
899 1547 999 1612 feodo
1023 1546 1229 1630 Hardewyni
1246 1549 1290 1611 de
1306 1547 1476 1624 Scalariis,

361 1660 395 1715 et
410 1650 511 1715 debet
526 1671 587 1734 per
603 1671 728 1716 annum
751 1651 841 1734 iiiia.
864 1653 907 1716 de
930 1652 1059 1715 auxilio
1079 1653 1294 1716 vicecomitis.
1340 1651 1475 1716 Eadem

363 1755 543 1838 Estrangia
572 1756 674 1820 debet
704 1757 732 1820 .i.
763 1767 890 1821 sectam
920 1769 955 1822 et
979 1756 1146 1821 Radulfus
1177 1756 1345 1839 Matefrey
1369 1759 1475 1821 debet

362 1861 389 1926 .i.
420 1872 554 1926 sectam.
602 1861 647 1928 Et
677 1861 766 1926 idem
796 1860 961 1927 Radulsus
990 1871 1085 1926 tenet
1114 1861 1142 1925 .i.
1173 1861 1288 1926 hidam
1319 1870 1408 1925 terre
1438 1863 1473 1925 in

363 1966 480 2029 eadem
502 1965 544 2030 de
565 1965 663 2030 feodo
681 1965 859 2029 Britannie.
907 1965 1062 2030 Predicta
1083 1964 1264 2048 Estrangia
1283 1986 1360 2030 cum
1384 1975 1474 2030 terra

362 2068 525 2152 johannis
541 2069 599 2133 filii
618 2069 773 2152 Hugonis
790 2069 823 2132 in
840 2068 1025 2134 Swaflham
1042 2078 1135 2134 tenet
1146 2070 1331 2153 predictam
1348 2079 1474 2134 terram

363 2194 424 2257 pro
454 2171 554 2236 feodo
576 2174 604 2237 .i.
631 2171 744 2236 militis
774 2171 818 2236 de
844 2171 944 2237 feodo
972 2173 1179 2256 Hardewyni
1205 2174 1250 2236 de
1276 2171 1475 2256 Scalar[iis].

365 2274 529 2339 Radulius
568 2274 733 2356 Matefrey
770 2275 830 2338 dat
866 2296 925 2358 per
961 2295 1086 2340 annum
1125 2275 1224 2358 .xij.d.
1261 2275 1305 2339 de
1341 2275 1475 2339 auxilio

365 2379 568 2444 vicecomitis
590 2377 633 2442 de
656 2378 781 2442 honore
806 2378 1037 2444 Richmondie.
1145 2428 1147 2431 -
1225 2397 1230 2406 ’

431 2481 685 2547 Steuechewrche
708 2481 972 2566 [Stetchworth].
1021 2482 1188 2547 Henricus
1206 2480 1475 2556 filiusWillelmi

363 2599 455 2653 tenet
475 2589 503 2652 .i.
522 2589 636 2653 hidam
655 2597 742 2652 terre
762 2588 806 2652 de
825 2587 952 2652 honore
974 2588 1199 2652 Richmondie
1216 2608 1275 2671 per
1289 2589 1473 2670 socagium.

365 2692 409 2757 Et
425 2693 525 2757 debet
540 2691 612 2776 [de]
627 2691 756 2756 auxilio
771 2693 976 2758 vicecomitis
992 2692 1091 2775 .xiJA.
1107 2712 1167 2776 per
1181 2712 1314 2756 annum.

591 2974 796 3040 Hundredus
817 2975 856 3039 de
881 2973 1012 3042 Ckeuele
1033 2973 1238 3060 [Cheveleyi

428 3116 599 3200 Kertlinge
613 3115 799 3201 [Kirtling]
836 3116 1003 3181 Radulsus
1014 3118 1058 3180 de
1073 3116 1184 3181 Thoni
1200 3125 1293 3180 tenet
1306 3115 1474 3198 Kertiing’

363 3241 422 3305 per
443 3223 639 3287 serianciam
660 3222 703 3287 de
725 3223 864 3286 domino
886 3221 989 3306 Rege,
1004 3231 1039 3286 et
1061 3223 1107 3287 ibi
1130 3231 1208 3288 sunt
1228 3243 1271 3286 .x.
1287 3221 1365 3286 hide
1385 3230 1475 3286 terre

362 3347 429 3390 non
444 3325 637 3410 geldabileS,
647 3335 681 3390 et
697 3327 729 3390 in
746 3325 827 3390 villa
842 3326 885 3391 de
898 3326 1076 3408 Kertiinge
1088 3326 1241 3390 nullaest
1256 3335 1348 3389 secta
1362 3345 1474 3409 neque

362 3430 525 3496 auxilium
542 3430 753 3495 vicecomitis.

426 3531 560 3596 Dinone
591 3531 714 3616 [Wood
744 3531 889 3615 Ditton].
936 3531 1101 3596 Radulsus
1130 3533 1174 3595 de
1203 3531 1350 3614 Cameys
1379 3541 1473 3596 tenet

363 3635 483 3700 Ditton
506 3636 548 3700 ad
568 3633 656 3700 feodi
673 3635 804 3700 firmam
821 3656 880 3719 per
895 3657 938 3698 .x.
955 3636 1056 3698 libras
1078 3634 1122 3698 de
1138 3634 1317 3699 heredibus
1334 3633 1471 3699 Radulfi

360 3739 418 3806 iiiii
436 3740 600 3824 Hugonis.
646 3741 691 3805 Et
704 3741 828 3806 ibidem
841 3751 920 3805 sunt
931 3761 974 3804 .x.
990 3741 1069 3805 hide
1080 3739 1273 3823 geldabiles.
1318 3740 1365 3804 Et
1380 3741 1471 3805 id'em

361 3844 525 3909 Radulsus
562 3845 663 3910 debet
701 3867 759 3929 per
796 3865 922 3910 annum
961 3844 990 3928 .j.
1028 3854 1165 3920 sectam,
1194 3853 1229 3908 et
1265 3845 1309 3908 de
1342 3844 1473 3908 auxilio

360 3949 563 4014 vicecomitis
587 3948 675 4033 .iiij.r.
700 3969 759 4033 per
780 3969 916 4014 annum.

266 4073 282 4124 s.
300 4091 346 4138 150
428 4053 571 4119 Saxtone
581 4052 715 4138 [Saxon
731 4055 764 4118 in
778 4054 890 4118 Wood
904 4052 1048 4136 Ditton].
1078 4052 1229 4116 Thomas
1243 4053 1288 4115 de
1298 4051 1473 4134 Valeneys

360 4170 453 4224 tenet
476 4157 596 4222 Ditton
619 4159 663 4222 de
686 4158 784 4224 feodo
808 4159 954 4242 Cameys
976 4179 1036 4241 per
1057 4157 1233 4222 seruicium
1261 4156 1406 4220 militare
1426 4157 1473 4220 de

360 4266 486 4330 honore
513 4262 736 4328 Richmondie
759 4263 887 4328 scilicet
910 4262 1007 4327 feoda
1030 4261 1083 4343 iij.
1107 4262 1260 4336 militum,
1282 4269 1316 4324 et
1344 4261 1472 4325 ibidem

359 4380 437 4444 sunt
460 4390 497 4431 .v.
521 4365 598 4430 hide
622 4377 707 4430 terre
733 4367 924 4449 geldabiles
971 4365 1016 4430 Et
1047 4364 1170 4428 ibidem
1201 4365 1290 4429 idem
1318 4363 1473 4428 Thomas
