3192 5067
354 330 419 428 1⁴52
617 333 655 405 Τ
651 332 695 405 11
724 332 952 432 Chuplaz'ncy
976 344 1018 407 ai
1042 336 1189 411 Borion
1333 335 1453 435 [Boon

183 533 293 593 tecum·
347 523 390 585 de
428 519 663 603 Metingham¹,
702 520 855 603 Rogerus
893 520 1078 604 Loueday',
1116 534 1150 587 et
1195 522 1377 587 Nicholaus
1421 521 1452 585 le

184 583 304 724 ἓέῐῖἶῑῠ
348 625 455 691 Gras'.

482 902 532 968 72.
577 886 745 952 Placitum
767 898 880 951 contra
906 887 1091 951 Gonnoram
1114 888 1153 951 de
1173 888 1317 953 Bertone.

183 1012 298 1118 liulfilflm
413 1041 601 1107 Willelmus
623 1043 666 1106 de
689 1041 809 1105 Thane
831 1040 982 1106 seoffauit
1008 1044 1153 1107 Priorem
1178 1054 1213 1107 et
1239 1042 1450 1107 Conuentum

184 1126 335 1229 1ξᾷῧῖᾚῖ
347 1146 390 1209 de
407 1144 607 1209 Bemewelle
622 1144 665 1209 de
680 1145 882 1227 quibusdam
895 1147 989 1209 terris
1001 1157 1034 1209 et
1046 1146 1245 1210 tenementis
1261 1147 1295 1208 in
1309 1146 1451 1209 Bertone

185 1227 287 1269 ΒΜ·
338 1250 390 1322 ad
414 1250 651 1314 inueniendum
675 1251 857 1332 quemdam
881 1250 1090 1332 capellanum
1115 1261 1312 1334 perpetuum
1337 1251 1451 1313 diuina

199 1379 288 1422 annue
348 1374 408 1436 pro
438 1375 479 1417 eo
509 1354 731 1417 celebrantem
763 1354 795 1415 in
828 1352 967 1417 ecclesia
996 1354 1038 1417 de
1070 1354 1222 1419 Bertone.
1283 1354 1328 1418 Et
1361 1354 1452 1417 Prior

207 1430 320 1471 muenia
349 1458 357 1470 .
417 1456 424 1469 .
467 1457 474 1469 .
515 1457 522 1470 .
551 1456 557 1469 .
1185 1460 1191 1473 ,

184 1455 637 1532 1111111111111111111111)ιά1111
662 1454 843 1537 quemdam
866 1456 1076 1538 capellanum
1102 1479 1236 1521 nomine
1262 1458 1450 1540 Johannem

347 1560 390 1625 de
414 1560 576 1626 Grettone
598 1564 640 1625 ad
665 1561 855 1625 faciendum
882 1562 1009 1626 dictum
1036 1564 1222 1641 seruicium,
1245 1574 1279 1627 et
1302 1562 1451 1627 teofsauit

347 1687 424 1730 eum
450 1666 494 1729 ad
521 1666 699 1730 terminum
724 1667 791 1729 vite
817 1666 860 1729 de
887 1676 973 1731 terra
999 1678 1033 1731 et
1059 1669 1259 1731 tenementis
1286 1669 1449 1752 predictis.

184 1772 328 1866 ffiffiggl
350 1769 389 1832 In
411 1768 527 1833 itinere
548 1789 627 1831 uero
648 1769 903 1833 iusticiariorum
919 1772 1010 1834 venit
1027 1769 1186 1834 Gonnora
1207 1790 1272 1852 que
1289 1771 1349 1833 suit
1365 1790 1452 1833 uxor

184 1873 335 1975 &5323ss
348 1872 518 1956 Radulphi
555 1873 585 1936 le
621 1873 711 1937 Lord
743 1884 777 1937 et
807 1874 883 1937 tulit
910 1874 1014 1983 ‘breue
1046 1876 1148 1958 Regis
1179 1895 1278 1957 super
1307 1875 1449 1938 eundern

185 1975 327 2017 esemon-
346 1978 555 2061 capellanum
580 1986 642 2041 etc.

184 2126 272 2167 antee
284 2123 312 2166 or
398 2114 507 2183 Assysa
515 2111 592 2167 uenit
603 2114 782 2183 recognitura
791 2112 815 2166 si
829 2114 949 2167 isabella
962 2130 1017 2184 que
1029 2114 1080 2167 tuit
1091 2130 1158 2167 vxor
1169 2114 1285 2168 Roberti
1298 2114 1324 2167 le
1334 2114 1451 2168 Chaste-

184 2174 333 2267 {¹22ssme
346 2202 419 2271 leym
434 2211 525 2256 mater
538 2202 672 2256 Gonnore
684 2201 740 2255 filie
755 2201 883 2269 isabelle,
894 2218 948 2272 que
961 2203 1012 2256 fuit
1025 2219 1094 2256 uxor
1107 2201 1222 2255 Roberti
1236 2202 1262 2255 le
1272 2202 1451 2269 Chasteleyn‚

346 2298 374 2343 et
387 2289 452 2341 auia
465 2289 656 2344 Bartholomei
669 2288 719 2343 filii
732 2288 866 2358 ladreyne
878 2288 914 2342 de
928 2290 1060 2357 Graueny
1073 2290 1125 2342 luit
1142 2288 1246 2357 seysita
1262 2289 1291 2342 in
1309 2289 1452 2343 dominico

184 2375 296 2436 annet·
346 2393 398 2430 suo
410 2386 441 2430 ut
453 2377 489 2430 de
502 2376 586 2430 feodo
603 2377 639 2430 de
656 2375 807 2431 duodecim
824 2377 898 2431 acris
915 2386 986 2431 terre
1004 2392 1068 2431 cum
1086 2376 1266 2446 pertinencijs
1284 2377 1313 2430 in
1331 2378 1452 2430 Bertone

183 2426 326 2518 lllekpdrllr’·
345 2464 391 2517 die
410 2480 466 2531 quo
485 2473 537 2517 etc.
557 2473 586 2518 et
603 2463 626 2515 si
644 2473 696 2517 etc.
717 2479 788 2534 quas
806 2464 952 2533 Johannes
972 2465 1008 2519 de
1027 2465 1163 2519 Grettone
1183 2466 1346 2535 capellanus
1366 2474 1451 2519 tenet.

185 2526 281 2569 “m‘'
347 2551 403 2621 Qui
419 2552 496 2606 uenit
513 2562 542 2607 et
559 2551 629 2605 alias
645 2552 712 2606 inde
728 2553 843 2607 uocauit
859 2552 897 2606 ad
914 2563 1069 2608 warantum
1088 2554 1211 2606 Priorem
1228 2554 1264 2608 de
1282 2553 1452 2606 Bernewelle

346 2640 394 2711 qui
407 2642 494 2695 modo
506 2640 583 2694 uenit
596 2657 646 2710 per
658 2641 912 2695 summoniciouem
926 2652 953 2694 et
966 2642 990 2696 ei
1004 2640 1200 2696 warantizauit.
1239 2643 1276 2695 Et
1288 2640 1451 2695 concordati

347 2739 412 2783 sunt
436 2748 486 2799 per
509 2730 665 2783 licenciam.
703 2730 742 2783 Et
766 2730 903 2785 Gonnora
927 2740 954 2785 et
978 2730 1192 2785 Bartholomeus
1213 2731 1283 2784 dant
1304 2729 1451 2785 dimidiam

346 2834 473 2873 marcam
491 2835 543 2887 pro
561 2817 680 2873 licencia
698 2819 899 2873 concordandi.
949 2820 986 2873 Et
1005 2829 1047 2873 est
1069 2820 1271 2873 concordantia
1292 2820 1356 2873 talis
1375 2819 1452 2890 quod

346 2908 473 2977 predicta
486 2908 622 2961 Gonnora
633 2918 661 2962 et
675 2908 890 2962 Bartholomeus
907 2918 1130 2977 recognouerunt
1148 2907 1274 2977 predicta
1290 2917 1452 2962 tenementa

346 3012 411 3049 curn
424 2994 604 3065 pertinencijs
617 3012 679 3049 esse
689 2994 735 3063 jus
749 2995 837 3065 ipsius
852 2996 955 3049 Prioris
969 3006 996 3048 et
1008 2995 1126 3049 ecclesie
1140 3012 1189 3050 sue
1202 2996 1292 3050 sancti
1308 2994 1401 3064 Egidij
1415 2995 1451 3048 de

349 3084 518 3138 Bemewelle
535 3092 564 3137 et
581 3084 630 3136 illa
645 3081 820 3149 remiserunt,
834 3092 862 3137 et
880 3082 1006 3153 quietum
1023 3083 1215 3137 clamauerunt
1233 3084 1268 3137 de
1286 3099 1316 3137 se
1332 3093 1360 3137 et
1373 3083 1451 3136 here-

346 3172 430 3226 dibus
439 3172 565 3242 ipsorum
576 3171 710 3224 Gonnore
719 3180 748 3224 et
759 3169 952 3224 Bartholomei
965 3169 1090 3240 predicto
1106 3172 1194 3224 Priori
1204 3181 1232 3225 et
1243 3168 1451 3225 successoribus

346 3258 405 3313 suis
417 3269 445 3312 et
458 3258 577 3311 ecclesie
589 3273 638 3311 sue
650 3257 854 3327 inperpetuum.

185 3364 228 3407 811
237 3374 316 3414 neree,
401 3348 531 3401 Preterea
553 3346 638 3399 iidem
661 3347 796 3400 Gonnora
818 3356 845 3401 et
870 3348 1084 3401 bartholomeus
1109 3348 1268 3402 concedunt
1293 3365 1343 3418 pro
1368 3364 1399 3402 se
1423 3358 1451 3402 et

183 3414 324 3506 ffi‘sfffl
345 3435 497 3490 heredibus
514 3434 639 3505 ipsorum
652 3435 786 3488 Gonnore
803 3446 830 3487 et
849 3434 1039 3489 Bartholomei
1056 3435 1133 3506 quod
1151 3453 1199 3489 sex
1216 3452 1280 3490 acre
1296 3446 1369 3491 terre
1386 3453 1450 3492 curn

183 3520 264 3606 ἓξὲξ
272 3569 299 3605 eo
346 3519 526 3590 pertinenciis
545 3520 574 3572 in
593 3520 715 3573 Bertone
732 3536 804 3589 quas
820 3519 965 3588 Johannes
981 3519 1018 3573 de
1036 3520 1264 3589 Metheringham
1281 3531 1309 3575 et
1331 3521 1451 3575 isabella

183 3615 225 3657 uie
237 3614 313 3656 Prior.
347 3608 481 3661 uxoreius
490 3616 586 3661 tenent
595 3607 624 3660 in
632 3606 727 3661 dotem
736 3604 824 3676 ipsius
835 3606 955 3661 isabelle
963 3605 1309 3677 dehereditate⁴ipsorum
1319 3608 1451 3663 Gonnore

394 3748 404 3780 ¹
419 3748 488 3813 John
503 3748 535 3797 de
551 3746 709 3812 Metingham
722 3745 757 3811 (in
773 3747 881 3811 Suffolk)
894 3764 945 3797 wus
961 3748 1034 3798 made
1049 3764 1065 3797 a
1077 3748 1155 3813 judge
1170 3747 1200 3798 os
1213 3749 1255 3799 the
1270 3748 1359 3815 King’s
1370 3750 1451 3800 bench

345 3834 370 3882 in
394 3830 464 3896 1276.
499 3832 542 3880 He
560 3846 611 3879 was
630 3829 708 3879 found
727 3830 846 3880 innocent
866 3830 892 3879 in
912 3832 974 3896 1189
990 3830 1041 3879 and
1061 3831 1176 3895 presided
1193 3846 1254 3881 over
1269 3832 1312 3882 the
1331 3831 1409 3882 Court
1426 3832 1456 3881 os

346 3915 470 3965 Common
483 3914 556 3963 Pleas
567 3912 605 3962 till
615 3912 655 3961 his
665 3912 742 3962 death
753 3912 780 3961 iu
794 3928 864 3977 130¹·

394 3994 405 4027 ¹
422 3998 507 4061 Roget
522 3995 642 4059 Loveduy
653 4010 704 4044 was
720 3995 859 4059 appointed
876 4010 891 4043 a
904 3996 992 4059 justice
1007 3996 1124 4045 itinerent
1136 3996 1162 4045 in
1174 3995 1189 4045 6
1202 3996 1275 4045 Edw.
1288 3995 1319 4056 1.,
1333 4012 1366 4045 an
1381 3995 1452 4045 office

347 4081 430 4130 which
441 4079 473 4130 he
484 4079 544 4129 held
556 4078 594 4128 till
608 4095 637 4141 ¹4
649 4079 722 4128 Edw.
738 4078 760 4127 Ι.
795 4079 826 4127 In
839 4078 882 4128 the
893 4078 1022 4143 following
1032 4094 1090 4144 year
1102 4080 1134 4128 he
1145 4079 1212 4128 died.

394 4159 543 4211 ⁸Nicholas
559 4161 583 4210 le
599 4160 664 4210 Grus
681 4176 732 4209 was
747 4161 886 4225 appointed
903 4162 1022 4225 ajustice
1038 4161 1157 4211 itineraut
1174 4178 1188 4226 3
1205 4164 1271 4226 Aug.
1292 4166 1362 4225 1185.
1396 4162 1451 4213 The

346 4245 402 4294 writ
416 4244 447 4293 ot
461 4244 596 4293 Summous
609 4244 647 4293 sor
661 4243 711 4293 this
726 4245 812 4295 Assize
828 4246 848 4294 is
863 4246 938 4295 dated
955 4260 987 4308 24
1000 4246 1081 4310 April,
1100 4244 1169 4296 1186.
1207 4246 1332 4296 Calendar
1343 4246 1374 4311 of
1385 4247 1451 4297 Closc

347 4328 426 4386 111111,
439 4326 512 4375 Edw.
525 4327 546 4376 1.
560 4324 741 4392 (1179-1188)
753 4343 779 4391 p.
791 4338 848 4389 417.

396 4408 407 4439 ⁴
424 4407 565 4465 heredibus,
577 4408 645 4459 ΜΒ.ι
