3192 5067
162 327 220 427 V1]
439 325 632 401 Hundred
652 325 701 422 os
716 324 985 422 Armingford
1195 340 1267 413 247

229 515 481 579 Gildenmordon
503 512 663 598 [Guilden
689 512 855 596 MordenJ.
901 513 1017 576 Petrus
1037 512 1081 576 de
1102 510 1211 574 Beche
1234 518 1268 574 et

162 619 290 684 Walter
301 620 343 684 de
355 619 516 684 Yselham
528 628 645 683 tenent
656 617 831 681 dimidiam
845 616 959 681 hidam
970 625 1056 680 terre
1067 602 1268 698 ¹geldabilem

161 745 221 808 per
248 724 425 789 dimidium
461 723 550 789 feodi
581 723 697 786 militis
723 721 766 786 de
796 721 923 786 honore
954 720 1089 785 Pocche
1137 719 1267 784 ibidem

161 829 350 894 Willelmus
364 829 408 894 de
424 829 598 893 Witenton
614 836 707 892 tenet
723 825 898 891 dimidiam
914 826 1029 890 hidam
1049 835 1135 890 terre
1154 823 1268 907 gelda-

162 934 263 998 bilem
279 955 338 1017 per
352 933 529 997 dimidium
546 932 635 996 feodi
648 931 762 995 militis
777 929 821 994 de
836 931 955 995 eodem
971 929 1105 994 honore·
1137 927 1269 993 Ibidem

163 1037 351 1102 Willelmus
374 1037 495 1102 Pikard
519 1047 613 1102 tenet
633 1035 808 1100 dimidiam
829 1035 944 1100 hidam
965 1045 1052 1099 terre
1067 1032 1267 1117 geldabilem

163 1163 220 1226 per
250 1142 427 1207 dimidium
458 1142 546 1206 feodi
577 1141 693 1206 militis
722 1142 766 1206 de
795 1141 916 1204 eodem
946 1140 1079 1204 honore.
1136 1137 1267 1203 Ibidem

164 1246 327 1311 Radulsus
343 1248 386 1312 de
402 1247 523 1311 Bancis
539 1255 631 1311 tenet
646 1245 821 1310 dimidiam
836 1244 951 1309 hidam
967 1254 1053 1308 terre
1068 1242 1268 1326 geldabilem

163 1373 222 1434 per
244 1351 420 1417 dimidium
446 1351 534 1417 ieodi
556 1351 671 1415 militis
691 1350 734 1414 de
752 1352 872 1414 eodem
894 1349 1020 1414 honore
1042 1360 1077 1414 et
1097 1348 1140 1413 de
1159 1349 1297 1412 wardas.
1316 1359 1385 1424 μμ)

163 1455 270 1520 Castri
287 1455 371 1518 inira
386 1473 512 1519 annum
529 1463 563 1518 et
578 1453 754 1518 dimidium
771 1473 839 1516 ‚xa
886 1451 1016 1516 Ibidem
1041 1452 1209 1517 Robertus
1227 1450 1270 1514 de

164 1559 273 1623 Beche
288 1567 380 1624 tenet
392 1557 566 1623 dimidiam
583 1556 697 1622 hidam
707 1566 793 1621 terre
809 1555 1010 1639 geldabilem
1023 1577 1082 1640 per
1093 1555 1270 1620 dimidium

163 1662 251 1726 leodi
277 1661 391 1726 militis
415 1663 458 1725 de
485 1661 611 1725 honore
636 1659 772 1724 Pecche.
819 1659 1044 1742 Baldewynus
1074 1659 1117 1722 de
1149 1660 1271 1722 Pernes

163 1778 255 1832 tenet
277 1767 329 1832 iii.
352 1767 499 1850 virgatas
525 1776 612 1830 terre
639 1764 824 1848 geldabiles
845 1765 891 1828 de
916 1764 1050 1830 Comite
1073 1764 1117 1828 de
1144 1763 1271 1828 Sancto

165 1871 268 1936 Paulo
284 1892 343 1955 per
358 1870 532 1935 servicium
548 1879 666 1954 quarte
682 1870 786 1953 partis
797 1869 826 1933 .i.
839 1868 962 1945 militis,
977 1877 1012 1933 et
1023 1869 1125 1934 debet
1135 1879 1271 1947 sectam,

162 1989 196 2042 et
216 1976 379 2042 auxilium
396 1975 600 2041 vicecomitis
615 1975 683 2058 ijs.
731 1974 862 2040 Ibidem
880 1975 1048 2040 Henricus
1065 1974 1109 2040 de
1125 1974 1270 2038 Mordoo

162 2082 264 2146 debet
279 2083 308 2145 .i.
324 2089 459 2145 sectam.

235 2184 265 2247 T
262 2183 400 2248 adelowe
415 2181 594 2267 [Tadlow].
640 2182 746 2246 Fulco
766 2180 855 2248 filius
870 2182 998 2247 Warini
1021 2192 1114 2247 tenet
1136 2182 1270 2247 feodum

164 2289 190 2353 .i.
209 2288 322 2353 militis
338 2289 381 2353 de
396 2288 574 2353 heredibus
591 2287 714 2370 Rogeri
730 2287 774 2351 de
789 2287 935 2371 Torpell’
950 2289 993 2352 de
1009 2287 1109 2353 feodo
1126 2287 1270 2352 Peuerel.

165 2394 296 2458 Ibidem
322 2394 413 2459 Prior
434 2395 477 2459 de
501 2392 693 2458 Chikesond
718 2402 811 2456 tenet
831 2393 859 2456 .i.
875 2392 990 2456 hidam
1013 2402 1048 2457 et
1063 2394 1092 2458 .i.
1107 2393 1269 2477 virgatam

164 2509 249 2563 terre
272 2498 455 2582 geldabiles
478 2499 520 2562 de
544 2497 681 2562 baronia
702 2495 862 2560 Willelmi
889 2497 932 2560 de
955 2496 1050 2561 Bello
1076 2497 1215 2580 Campo,
1237 2507 1271 2562 et

165 2603 265 2668 debet
296 2603 324 2685 .j.
349 2613 475 2666 sectam
507 2610 541 2666 et
565 2601 608 2666 de
638 2599 765 2666 auxilio
795 2599 999 2664 vicecomitis
1029 2601 1095 2665 ,ii-r.
1141 2600 1271 2665 Ibidem

166 2707 257 2770 Prior
287 2706 329 2771 de
360 2705 562 2771 Bernewelle
588 2715 680 2769 tenet
708 2715 830 2769 terram
857 2724 923 2785 que
954 2703 1015 2769 fuit
1044 2705 1200 2788 Hugonis
1230 2703 1273 2768 de

168 2811 356 2888 Pinnecote,
378 2820 412 2874 et
435 2820 486 2874 est
509 2808 552 2874 de
576 2809 675 2874 feodo
700 2807 821 2872 Prioris
843 2808 886 2871 de
906 2807 1093 2873 Chikesont
1115 2818 1150 2872 et
1171 2807 1273 2872 debet

165 2925 299 2978 sectam.
346 2914 451 2997 Elyas
468 2913 499 2977 le
514 2913 652 2995 Waleys
669 2914 804 2977 teneti.
820 2913 985 2996 virgatam
1008 2922 1102 2991 terre,
1122 2922 1156 2978 et
1171 2914 1273 2979 debet

165 3021 192 3084 .i.
218 3030 354 3084 sectam.

231 3125 374 3208 Abigton
392 3123 580 3208 [Abington
600 3123 752 3208 PigottsJ.
799 3124 973 3208 Philippus
987 3124 1031 3187 de
1046 3123 1165 3188 eadem
1181 3133 1273 3189 tenet

166 3229 301 3294 feodum
337 3229 365 3293 .i.
396 3228 510 3293 militis
541 3229 584 3293 de
613 3227 740 3292 honore
771 3229 933 3293 Bononie.
979 3227 1110 3292 Ibidem
1142 3226 1273 3292 Alanus

165 3333 208 3398 de
245 3331 391 3416 Fugeres
426 3343 518 3397 tenet
554 3332 581 3396 .i.
616 3332 731 3396 hidam
767 3342 854 3397 terre
888 3332 1090 3416 geldabilem
1127 3353 1187 3416 per
1221 3333 1273 3398 iii.

166 3447 295 3522 partem
319 3436 407 3502 leodi
424 3438 451 3502 .i.
469 3437 584 3502 militis
606 3437 649 3502 de
672 3435 771 3502 feodo
795 3437 919 3502 Scalar'
936 3447 969 3500 et
992 3437 1063 3520 ipse
1087 3437 1218 3502 Alanus
1239 3447 1274 3502 et

167 3543 301 3608 feodum
319 3543 376 3607 filii
392 3542 533 3624 Jocelini
550 3552 584 3607 et
602 3541 804 3606 Humsridus
819 3541 907 3606 filius
928 3541 1088 3606 Willelmi
1104 3542 1273 3608 debenti.

166 3658 301 3723 sectam,
317 3657 352 3712 et
368 3649 410 3712 de
425 3647 553 3712 auxilio
568 3647 773 3712 vicecomitis
788 3647 895 3730 viijd.
930 3646 1060 3712 Ibidem
1076 3647 1275 3714 Alexander

167 3753 198 3817 le
229 3754 355 3836 Moyne
386 3752 529 3818 teneti.
555 3751 721 3835 virgatam
751 3762 839 3816 terre
868 3751 1070 3836 geldabilem
1100 3752 1144 3817 de
1174 3751 1275 3816 feodo

170 3857 362 3942 Hardewyn
386 3857 429 3922 de
453 3856 609 3923 Scalariis
632 3877 691 3941 per
713 3855 780 3938 aij.
805 3866 934 3939 partem
958 3855 1047 3921 feodi
1070 3857 1097 3922 .i.
1122 3856 1245 3921 militis.

234 3962 366 4028 Hattell
383 3963 483 4048 [East
503 3959 655 4046 Hatley].
701 3961 891 4026 Willelmus
910 3962 954 4026 de
977 3961 1099 4045 Quoye
1121 3962 1222 4026 debet
1245 3960 1273 4026 .i.

168 4075 295 4130 sectam
319 4085 420 4149 quam
445 4065 652 4130 concellauit.
698 4064 828 4130 Walter
854 4064 897 4128 de
925 4065 984 4128 Ho
1007 4075 1099 4129 tenet
1121 4074 1273 4147 quartem

168 4178 297 4254 partem
322 4169 410 4234 feodi
431 4171 459 4235 .i.
477 4168 591 4234 militis
613 4169 656 4233 de
679 4168 806 4233 honore
826 4167 1049 4233 Richmoudie
1071 4169 1196 4233 scilicet
1212 4167 1274 4251 aij.

168 4275 315 4357 virgatas
340 4283 425 4339 terre
447 4272 640 4356 geldabiles,
656 4282 690 4337 et
711 4271 815 4337 debet
833 4273 861 4336 .i.
878 4281 1003 4337 sectam
1026 4283 1061 4337 et
1083 4273 1126 4337 de
1148 4271 1275 4338 auxilio

169 4380 372 4444 vicecomitis
388 4379 453 4462 ,ij.s.
