3192 5067
124 282 199 382 vu]
227 285 410 360 Pamshes
426 287 474 384 of
483 285 562 359 All
577 285 706 360 Saz‘nts
723 285 804 360 and
812 285 918 384 Holy
931 285 1132 384 Sepulchra
1162 287 1231 376 287

125 469 286 550 parochia
302 471 406 536 Beate
423 473 530 536 Marie
544 472 577 536 in
595 471 849 550 Glomerielane,
861 481 896 536 et
912 471 1021 536 reddit
1036 490 1094 554 per
1109 489 1233 534 annum

125 573 228 655 ‚xij.d.
243 584 277 641 et
292 576 377 640 duos
392 596 546 659 capones.

193 678 365 760 Johannes
380 680 466 745 lilius
481 681 552 746 eius
567 689 661 745 tenet
675 682 758 746 duas
774 701 868 745 acras
880 688 966 744 terre
981 679 1015 743 in
1029 677 1234 744 Newenlram

127 783 269 862 Crostes,
284 795 318 849 et
333 785 444 850 reddit
458 785 537 850 inde
552 806 611 869 per
625 806 750 850 annum
767 785 846 869 ,iijs

196 889 300 972 Elyas
315 891 358 955 de
374 891 595 973 Sceymstone
610 900 703 956 tenet
712 911 814 955 vnum
828 890 1037 972 mesuagium
1050 888 1093 953 ad
1103 898 1235 971 portam

127 993 267 1058 ecclesie
283 995 387 1060 Beate
402 996 518 1074 Marie,
534 1006 568 1063 et
584 996 693 1061 reddit
709 1016 910 1079 perannum
927 1015 1047 1059 ‚xxx.s.
1063 993 1159 1075 ,iiijd

196 1096 384 1162 Willelmus
399 1098 443 1163 de
459 1099 562 1182 Parys
577 1106 670 1163 tenet
685 1119 785 1164 vnam
809 1098 993 1182 schoppam
1015 1097 1048 1161 in
1065 1095 1236 1172 Bucheria,

128 1208 164 1265 et
179 1200 289 1265 reddit
305 1202 383 1265 inde
398 1222 457 1284 per
472 1222 596 1266 annum
614 1201 713 1285 ‚vilja

197 1305 360 1369 Ricardus
384 1305 548 1371 Bateman
573 1315 666 1371 tenet
688 1325 788 1369 vnam
813 1304 998 1388 schoppam
1023 1304 1055 1366 in
1079 1301 1238 1385 parochia

131 1407 247 1472 Sancti
261 1409 439 1475 Eadwardi
452 1411 485 1473 in
499 1409 672 1486 Bucheria,
681 1420 715 1474 et
727 1409 838 1473 reddit
849 1408 928 1473 inde
939 1429 997 1491 per
1008 1426 1135 1472 annum
1146 1405 1237 1487 ‚iiijm

198 1510 341 1577 Matilda
356 1512 399 1576 de
411 1513 533 1577 Walda
546 1522 638 1577 tenet
653 1523 720 1578 tres
736 1513 903 1596 schoppas
919 1513 952 1575 in
963 1510 1121 1595 parochia
1133 1510 1238 1574 Beate

130 1615 239 1680 Marie
259 1616 355 1681 iuxta
376 1617 520 1699 capitale
544 1616 750 1700 mesuagium
772 1637 880 1693 suum,
900 1625 935 1680 et
955 1614 1065 1678 reddit
1086 1613 1164 1677 inde
1178 1634 1238 1697 per

130 1740 255 1784 annum
275 1720 362 1803 .vijs.

196 1823 397 1889 Godesridus
418 1825 450 1888 le
466 1824 596 1890 Mercer
609 1833 701 1891 tenet
717 1845 820 1888 vnum
842 1823 1052 1906 mesuagium
1068 1823 1102 1886 in
1117 1821 1235 1885 eadem

129 1928 288 2012 parochia
317 1950 362 1993 ex
393 1931 550 2012 opposito
580 1929 670 1994 dicte
698 1929 846 2006 ecclesie,
873 1938 907 1993 et
937 1927 1047 1992 reddit
1072 1927 1151 1991 inde
1177 1945 1236 2008 per

130 2052 347 2098 mmmmm

197 2137 346 2202 Thomas
362 2139 393 2202 le
409 2139 512 2203 Bedel
527 2147 621 2203 tenet
632 2159 732 2203 vnam
749 2139 901 2221 placeam
916 2156 1057 2200 vacuam
1070 2137 1103 2198 in
1116 2136 1234 2198 eadem

131 2240 289 2324 parochia
305 2243 338 2305 in
354 2243 428 2305 vico
444 2240 610 2318 Glomere,
624 2250 659 2306 et
675 2241 785 2305 reddit
801 2242 879 2305 inde
895 2260 1094 2324 perannum
1111 2237 1188 2320 ,iijs

198 2343 361 2408 Ricardus
382 2345 413 2408 le
434 2345 573 2409 Vineter
595 2354 685 2409 tenet
709 2365 812 2408 vnum
834 2345 1042 2426 mesuagium
1064 2344 1096 2406 in
1118 2341 1235 2406 eadem

132 2447 290 2532 parochia
305 2448 401 2511 iuxta
417 2448 625 2523 cimiterium,
639 2459 674 2512 et
689 2447 801 2513 reddit
816 2447 894 2511 inde
909 2467 1107 2532 perannum
1125 2447 1213 2529 .iiij.s.

198 2553 252 2615 De
267 2553 389 2615 vicario
404 2553 542 2617 ecclesie
558 2553 674 2618 Sancti
692 2552 870 2617 Eadwardi
887 2551 916 2636 .j.
932 2573 1031 2616 marc.

770 2655 928 2739 [Summa
945 2652 1025 2736 ,iiij.¹¹
1041 2655 1118 2737 .iiij.·
1133 2653 1236 2738 ,viij.⁶]

262 3039 291 3104 7.
338 3023 502 3088 Paroclria
527 3021 685 3088 Omnium
709 3022 908 3088 Sanctorum
930 3025 975 3109 [ct
997 3025 1116 3090 Sancti

499 3127 649 3210 sepulcri
662 3128 878 3212 permixtim}

199 3295 317 3363 Clerici
338 3297 487 3380 episcopi
504 3296 660 3380 Elyensis
682 3299 726 3363 de
746 3296 875 3362 Sancto
890 3296 989 3360 Petro
1002 3305 1120 3361 tenent
1134 3316 1236 3360 vnum

134 3399 339 3482 mesuagium
370 3398 460 3483 quod
492 3399 554 3464 suit
578 3399 825 3475 Archidiaconi‚
846 3409 881 3464 et
903 3398 1049 3463 reddunt
1078 3399 1157 3463 inde
1178 3420 1238 3482 per

132 3521 255 3567 annum
279 3503 344 3587 ijs.

199 3605 366 3671 Robertus
386 3607 430 3672 de
450 3607 672 3671 Meldebume
692 3615 784 3671 tenet
806 3608 891 3670 duas
913 3604 1079 3689 schoppas
1097 3606 1236 3670 indicta

134 3709 290 3794 parochia
305 3711 402 3775 iuxta
418 3712 625 3794 mesuagium
647 3730 745 3775 suum
761 3719 796 3774 et
819 3710 929 3774 reddit
943 3709 1022 3774 inde
1037 3729 1097 3793 per
1111 3729 1236 3774 annum

133 3813 264 3897 .xviij.d.

198 3916 419 3982 Eadmundus
449 3917 492 3982 de
520 3917 698 3982 Eliswrthe
726 3926 820 3980 tenet
842 3937 944 3981 vnum
969 3917 1176 4000 mesuagium
1203 3917 1236 3981 in

134 4022 249 4085 eadem
281 4021 437 4104 parochia
468 4023 565 4086 iuxta
601 4021 809 4104 mesuagium
844 4021 983 4084 Roberti
1015 4021 1046 4084 le
1075 4021 1173 4086 bedel
1203 4031 1238 4086 et

135 4123 241 4189 reddit
263 4123 437 4189 dimidiam
463 4145 618 4190 marcam.

198 4230 331 4292 Fratres
361 4229 534 4313 hospitalis
565 4229 681 4295 Sancti
706 4228 872 4311 Johannis
898 4238 1013 4295 tenent
1039 4229 1268 4297 cimiteriumr.
1286 4243 1355 4295 1621>

134 4353 228 4398 suum
251 4343 286 4398 et
308 4353 410 4398 vnum
435 4334 642 4416 mesuagium
666 4334 763 4398 iuxta
786 4333 961 4398 ecclesiam
983 4333 1098 4399 Sancti
1118 4333 1236 4420 Sepul-
