3192 5067
341 317 411 382 216
530 311 693 407 Dzkpute
717 311 809 386 with
835 312 976 386 Abbcss
1001 311 1083 384 and
1104 311 1247 386 Sisters
1322 307 1444 408 [Boon

337 492 465 563 proxima
487 502 551 564 post
575 493 678 550 festum
704 495 808 551 Sancte
832 497 945 566 Agathe
969 495 1093 567 virginis,
1116 512 1193 551 anno
1216 493 1324 550 domini
1348 500 1447 548 m⁰.cc⁰

338 583 523 652 nonagesimo
542 595 651 653 quarto.

177 673 289 762 submis-
394 663 492 727 Pateat
504 671 642 727 uniuersis
654 674 731 744 quod
747 689 801 743 ego
815 673 1018 729 Constantinus
1030 683 1183 745 perpetuus
1195 672 1315 728 vicarius
1327 669 1446 726 ecclesie

174 723 313 822 misi?
339 757 374 812 de
396 760 583 815 Waterbecbe
602 759 733 830 Elyensis
750 761 906 830 dyoceseos
924 772 1025 832 sponte
1042 773 1072 817 et
1092 761 1246 817 deliberate
1264 759 1399 814 submitto
1417 767 1446 810 et

176 823 235 866 Μ’·
247 834 304 876 ¹²⁹⁴·
338 845 433 916 obligo
446 863 491 902 me
503 857 532 902 et
544 864 722 903 successores
734 866 815 904 meos
825 848 930 906 vicarie
941 850 1068 920 predicte
1080 850 1118 904 ad
1130 859 1266 921 perpetuo
1274 847 1446 903 seruandum

337 944 366 988 et
379 934 532 990 tenendum
543 935 677 1006 quicquid
690 936 860 992 venerabilis
872 937 915 992 vir
926 936 1062 1007 magister
1074 937 1184 1008 Gwydo
1195 936 1325 993 officialis
1337 933 1445 990 domini

339 1021 469 1090 Elyensis
486 1021 611 1094 episcopi
629 1022 682 1078 loci
702 1023 856 1092 dyocesani
874 1023 1046 1079 ordinauerit
1060 1034 1089 1078 et
1105 1023 1235 1079 statuerit
1251 1023 1321 1078 mihi
1337 1031 1366 1078 et
1383 1037 1446 1076 suc·

239 1105 256 1156 s·
269 1107 325 1156 82b
337 1107 496 1162 cessoribus
506 1107 576 1163 meis
587 1108 692 1164 ibidem
702 1110 871 1165 soluendum
879 1111 917 1166 ab
929 1110 1075 1166 abbatissa
1083 1121 1112 1166 et
1121 1110 1264 1166 sororibus
1273 1106 1445 1164 minorissis¹

338 1196 444 1251 ordinis
463 1198 567 1252 Sancte
586 1197 669 1252 Clare
687 1195 801 1265 ibidem,
820 1198 848 1253 in
866 1198 1164 1269 recompensacionem
1182 1197 1353 1252 minutarum
1371 1195 1446 1251 deei-

338 1301 446 1340 marum
467 1296 495 1341 et
514 1287 632 1341 aliarum
654 1286 862 1342 obuencionum
885 1288 923 1342 ad
944 1287 1080 1342 vicariam
1101 1289 1222 1344 eandem
1243 1285 1445 1358 spectancium,

338 1374 480 1428 ratificans
496 1391 547 1444 pro
564 1391 610 1428 me
626 1383 655 1429 et
673 1375 884 1430 successoribus
901 1375 972 1430 meis
988 1375 1123 1448 quicquid
1140 1377 1217 1431 idem
1231 1373 1360 1430 officialis
1372 1373 1446 1428 ordi-

337 1463 447 1519 nauerit
458 1463 486 1519 in
500 1463 652 1535 premissis

393 1553 425 1606 In
446 1552 525 1608 cuius
544 1553 582 1608 rei
602 1553 794 1608 testimonium
813 1554 937 1624 sigillum
954 1571 1049 1610 meum
1068 1572 1125 1608 vna
1143 1571 1208 1610 curn
1226 1552 1318 1623 sigillo
1336 1550 1445 1606 Decani

338 1641 374 1695 de
393 1642 557 1696 Cestertone
575 1640 753 1711 presentibus
772 1650 815 1696 est
833 1657 1000 1712 appensum.
1037 1643 1144 1696 Datum
1162 1642 1238 1711 apud
1257 1639 1447 1694 Waterbecbe

338 1727 425 1783 tercio
437 1729 500 1783 idus
513 1727 643 1798 februarij
657 1744 733 1782 anno
745 1727 852 1783 domiui
866 1737 978 1784 .m⁰.cc⁰.
991 1727 1178 1798 nonagesimo
1189 1737 1297 1798 quarto.

177 1827 290 1888 subniti-
394 1817 491 1870 Pateat
514 1815 652 1870 vniuersis
677 1826 774 1870 sancte
795 1814 894 1872 matris
915 1816 1034 1872 ecclesie
1055 1816 1120 1871 tiliis
1139 1815 1218 1886 quod
1240 1831 1294 1870 nos
1314 1815 1448 1885 Johanna

176 1877 326 1969 :ffiffffi
340 1905 375 1958 de
402 1902 542 1972 Nyuemis
566 1900 712 1956 abbatissa
736 1913 763 1957 et
788 1919 900 1958 sorores
925 1902 1073 1958 minorisse
1099 1903 1206 1958 ordinis
1234 1904 1339 1958 Sancte
1362 1902 1446 1957 ctare

175 1978 313 2020 'mm‘
340 1991 500 2047 monasterii
512 1991 547 2046 de
557 1991 746 2046 Waterbecbe
760 1991 892 2062 Elyensis
902 1991 1057 2062 dyoceseos
1067 1993 1237 2047 unanimiter
1245 2003 1274 2047 et
1282 1991 1445 2057 deliberate,

175 2029 317 2121 mg&
339 2079 375 2134 de
399 2097 537 2136 consensu
561 2095 695 2149 expresso
719 2079 822 2134 nobilis
846 2079 960 2134 domine
984 2080 1098 2134 domine
1125 2080 1261 2149 Dyonisie
1285 2081 1321 2134 de
1347 2081 1446 2134 Monte

176 2129 249 2227 iffi
257 2129 315 2220 2⁸⁰¹
339 2168 444 2224 Caniso
463 2169 627 2224 fundatricis
645 2178 672 2223 et
691 2178 811 2238 patrone
829 2179 932 2236 nostre,
952 2169 1144 2224 submittimus
1161 2179 1190 2224 et
1207 2169 1366 2238 obligamus
1383 2184 1446 2234 nos,

177 2229 304 2281 F‘b'¹²⁹⁴'
339 2273 515 2312 successores
540 2267 659 2323 nostras,
683 2267 712 2312 et
736 2257 940 2312 monasterium
965 2266 1102 2323 nostrum,
1127 2257 1164 2311 ad
1191 2265 1327 2328 perpetuo
1350 2256 1445 2310 obser-

339 2346 464 2401 uandum
485 2344 645 2399 faciendum
663 2355 691 2400 et
710 2345 770 2400 sine
792 2345 1019 2400 contradiccione
1038 2345 1205 2400 soluendum
1223 2344 1361 2413 religiosis
1379 2343 1447 2398 viris

341 2432 427 2487 Priori
441 2443 469 2487 et
482 2431 640 2487 Conuentui
657 2433 693 2487 de
709 2433 888 2501 Bemewelle,
902 2433 1057 2488 rectoribus
1073 2431 1192 2488 ecclesie
1209 2432 1245 2487 de
1257 2432 1447 2488 Waterbecbe

337 2521 470 2592 predicte,
491 2521 678 2578 Constantino
696 2520 824 2577 eiusdem
842 2521 960 2577 ecclesie
978 2521 1083 2577 vicario
1101 2533 1130 2578 et
1148 2523 1357 2578 successoribus
1379 2521 1447 2590 suis,

339 2609 367 2664 in
384 2609 678 2681 recompensacionem
696 2611 868 2665 minutarum
888 2611 1070 2678 decimarum,
1083 2611 1270 2680 oblacionum,
1282 2622 1310 2666 et
1328 2610 1446 2664 aliarum

339 2699 543 2756 obuencionum
575 2699 710 2767 omnium,
740 2700 875 2772 quicquid
905 2700 1074 2756 venerabilis
1103 2701 1145 2754 vir
1173 2700 1308 2770 magister
1336 2698 1447 2767 Gwydo

339 2787 465 2843 officialis
490 2787 657 2842 venerabilis
682 2787 769 2858 patris
795 2787 902 2842 domini
930 2786 1089 2860 W[illelmi]
1114 2788 1168 2845 Dei
1194 2787 1290 2858 gracia
1315 2786 1446 2856 Elyensis

338 2878 461 2949 episcopi
491 2878 599 2933 duxerit
627 2876 825 2942 ordinandum,
850 2879 977 2933 volentes
1001 2896 1054 2934 nos
1078 2890 1107 2933 et
1130 2894 1309 2934 successores
1333 2887 1446 2933 nostras

338 2985 422 3039 posse
447 2966 576 3037 compelli
598 2983 649 3037 per
669 2965 833 3036 episcopum
857 2967 911 3021 loci
936 2967 983 3038 qui
1009 2984 1060 3036 pro
1086 2978 1213 3039 tempore
1233 2967 1315 3023 luerit
1336 2978 1365 3022 et
1386 2966 1447 3021 eius

339 3057 496 3124 officialem,
510 3057 571 3111 sine
585 3053 701 3125 strepitu
719 3053 851 3122 iudiciali,
864 3055 903 3110 ad
918 3055 1150 3111 obseruacionent
1168 3055 1358 3112 ordinacionis
1373 3053 1445 3110 eius·

339 3146 404 3201 dem
429 3163 484 3200 non
508 3146 639 3200 obstante
663 3142 757 3213 aliquo
786 3142 934 3213 priuilegio
955 3145 1049 3214 quoad
1074 3146 1149 3200 bunc
1176 3155 1271 3200 actum
1296 3144 1447 3215 impetrato

338 3251 389 3290 seu
402 3234 491 3290 eciam
505 3231 689 3302 impetrando.

394 3325 426 3380 ln
446 3323 524 3378 cuius
543 3321 581 3376 rei
601 3319 792 3376 testiinonium
811 3320 935 3392 sigillum
954 3331 1082 3378 nostrum
1099 3337 1252 3377 commune
1268 3320 1447 3392 presentibus

338 3423 382 3470 est
395 3429 560 3484 appensum.

394 3503 456 3556 Nos
473 3511 568 3555 autem
589 3497 699 3569 prefata
721 3497 863 3568 Dyonisia
883 3498 920 3553 de
943 3500 1044 3554 Monte
1063 3499 1169 3555 Caniso
1189 3497 1363 3570 subscriptas
1381 3500 1446 3554 sub-

339 3586 504 3642 missionem
524 3598 553 3641 et
574 3583 784 3654 obligacionem
806 3594 884 3639 ratas
904 3583 1052 3652 habentes,
1074 3596 1213 3656 quantum
1235 3584 1263 3640 in
1285 3585 1369 3641 nobis
1392 3597 1444 3650 est,

339 3674 531 3730 submittimus
559 3683 587 3728 et
612 3671 772 3741 obligamus
798 3688 851 3726 nos
874 3682 903 3728 et
928 3672 1048 3728 heredes
1074 3683 1185 3729 nostros
1212 3674 1250 3727 ad
1274 3672 1394 3729 fideliter
1417 3684 1445 3728 et

340 3773 474 3836 perpetuo
508 3761 718 3818 obsemandum
749 3760 886 3832 quicquid
918 3761 994 3816 idem
1026 3761 1156 3816 officialis
1186 3779 1271 3832 super
1301 3762 1447 3832 premissis

339 3852 471 3908 omnibus
490 3862 517 3907 et
536 3851 656 3920 singulis
675 3850 851 3906 ordinauerit
868 3850 898 3904 in
916 3849 1070 3921 premissis

396 3941 428 3994 ln
443 3939 523 3994 cuius
536 3937 573 3992 rei
587 3937 781 3992 testimonium
795 3936 918 4007 sigillum
931 3947 1059 3992 nostrum
1071 3953 1128 3992 vna
1139 3954 1206 3992 cum
1218 3937 1312 4008 sigillo
1324 3937 1445 4010 predict-

340 4045 420 4084 arutn
433 4027 577 4082 abbatisse
590 4038 618 4081 et
631 4042 759 4080 sororum
772 4024 828 4095 hijs
839 4023 941 4079 litteris
953 4024 1084 4080 duximus
1096 4027 1306 4096 apponendum.
1338 4028 1446 4081 Datum

341 4117 416 4188 apud
435 4115 628 4180 Waterbecbe,
648 4113 736 4168 tercio
758 4114 823 4168 idus
843 4112 989 4183 Februarij
1008 4130 1085 4169 anno
1104 4115 1212 4170 domini
1231 4124 1334 4174 tn⁰·cc⁰.
1358 4132 1446 4171 nona-

339 4207 449 4278 gesimo
468 4215 576 4278 quarto.

744 4364 753 4395 ¹
771 4362 910 4416 minorissis
920 4372 954 4426 et,
969 4365 1028 4415 MS.
