3192 5067
351 357 369 404 2
376 335 421 424 58
657 330 852 405 Hundred
872 328 922 426 of
942 327 1115 427 Cheveley
1334 325 1456 429 [Boolc

348 515 506 580 Willelmi
537 516 579 580 de
616 517 754 598 Moyun.
801 515 847 578 Et
877 516 967 579 idem
998 523 1091 579 tenet
1121 515 1305 598 predictam
1336 523 1459 578 terram
1587 534 1588 551 ¹

349 621 391 683 de
416 619 563 684 Radulfo
586 621 628 686 de
652 623 752 703 Tony
775 622 809 685 in
832 623 976 704 socagin.

414 722 510 806 Burgt
544 723 886 806 [Burrough-Green].
949 723 1099 787 Thomas
1136 723 1179 787 de
1217 722 1330 805 Burgo
1367 731 1461 786 tenet

351 827 448 891 seoda
474 828 514 910 .ij.
539 828 683 891 militum
711 829 743 890 in
772 828 864 910 Burg
886 829 919 890 in
944 827 1117 891 Swaiham
1143 828 1187 891 de
1209 827 1336 890 honore
1359 826 1460 918 Rich-

352 931 495 996 mondie.
544 931 674 996 Ibidem
697 942 775 995 sunt
791 954 829 995 .v.
846 930 924 994 hide
944 939 1031 994 terre
1051 939 1085 993 et
1105 930 1246 993 dimidia
1267 930 1460 1013 geldabiles.

353 1035 481 1101 Ibidem
498 1037 600 1100 debet
616 1037 705 1100 idem
722 1034 903 1120 T[homas]
919 1035 948 1116 .j.
966 1044 1094 1098 sectam
1110 1044 1145 1097 et
1161 1033 1275 1116 Roger
1289 1035 1331 1098 de
1353 1035 1460 1098 Esseit

352 1142 378 1205 .i.
395 1150 531 1218 sectam,
547 1151 581 1204 et
596 1141 766 1224 predictus
783 1139 933 1203 Thomas
949 1160 1008 1223 per
1029 1159 1155 1202 annum
1172 1139 1247 1220 .vj.s.
1268 1139 1311 1202 de
1331 1139 1461 1202 auxilio

350 1245 562 1308 vicecomitis.

416 1345 634 1429 Dullingltam
658 1344 916 1430 [Dullingham].
962 1345 1133 1427 Johannes
1158 1345 1250 1409 Biset
1272 1345 1393 1429 [tenet]
1409 1345 1460 1427 .vj.

350 1451 447 1514 hidas
469 1460 554 1514 terre
576 1452 619 1515 de
641 1449 797 1514 omnibus
820 1451 959 1533 quietas.
1008 1449 1138 1513 Ibidem
1162 1459 1253 1514 tenet
1280 1450 1459 1533 Estrangia

350 1554 391 1637 ij.
406 1554 503 1619 hidas
518 1563 604 1618 terre
625 1554 810 1636 geldabiles
822 1555 866 1618 de
887 1553 988 1618 feodo
1011 1553 1218 1638 Hardewyni
1235 1556 1278 1618 de
1295 1554 1461 1631 Scalariis,

349 1669 384 1724 et
399 1659 500 1724 debet
516 1680 574 1742 per
592 1679 717 1723 annum
740 1659 829 1742 .iiij.s.
852 1660 895 1723 de
920 1658 1048 1722 auxilio
1067 1659 1282 1722 vicecomitis.
1328 1658 1460 1722 Eadem

352 1763 532 1846 Estrangia
561 1765 663 1828 debet
693 1765 721 1828 .i.
751 1774 878 1828 sectam
910 1775 944 1827 et
968 1762 1135 1829 Radulsus
1166 1763 1333 1846 Matesrey
1358 1765 1460 1828 debet

351 1869 378 1934 .i.
409 1878 543 1933 sectam.
590 1868 635 1933 Et
666 1869 755 1933 idem
784 1868 950 1933 Radulsus
980 1878 1073 1933 tenet
1103 1868 1131 1932 .i.
1162 1868 1277 1932 hidam
1308 1878 1395 1932 terre
1424 1869 1458 1931 in
1587 1882 1588 1915 τ

351 1975 469 2037 eadem
491 1973 533 2038 de
554 1972 652 2037 feodo
670 1972 848 2036 Britannie.
897 1973 1051 2036 Predicta
1072 1971 1252 2054 Estrangia
1272 1992 1348 2036 cum
1371 1981 1460 2036 terra

351 2076 514 2159 Johannis
529 2076 588 2140 filii
607 2076 763 2159 Hugonis
778 2077 812 2139 in
829 2075 1015 2142 Swaffham
1031 2085 1123 2140 tenet
1136 2076 1320 2160 predictam
1337 2086 1460 2140 terram

352 2201 413 2264 pro
443 2179 542 2244 feodo
566 2181 593 2244 .i.
619 2180 733 2244 militis
763 2179 807 2242 de
833 2179 933 2243 feodo
962 2180 1168 2262 Hardewyni
1195 2180 1237 2243 de
1265 2177 1460 2263 Scalar[iis].

354 2281 518 2347 Radulsus
557 2281 722 2363 Matefrey
759 2283 819 2345 dat
855 2303 914 2365 per
950 2303 1076 2346 annum
1114 2281 1213 2364 .xij.d.
1250 2282 1294 2346 de
1330 2282 1461 2345 auxilio

354 2387 557 2451 vicecomitis
580 2386 623 2449 de
645 2385 770 2449 honore
794 2384 1026 2451 Richmondie.

420 2488 675 2554 Stcueclzewrche
697 2488 962 2573 [Stetchworth].
1010 2487 1177 2553 Henricus
1195 2487 1461 2560 filiusWillelmi

353 2605 445 2660 tenet
465 2597 493 2659 .i.
512 2596 625 2660 hidam
646 2605 731 2659 terre
751 2594 794 2658 de
814 2593 942 2659 honore
963 2595 1187 2659 Richmondie
1205 2614 1264 2678 per
1279 2595 1460 2676 socagium.

355 2698 399 2765 Et
414 2701 515 2764 debet
529 2699 601 2783 [de]
617 2699 745 2763 auxilio
759 2699 965 2765 vicecomitis
981 2699 1080 2781 .xijA.
1096 2719 1156 2782 per
1169 2719 1303 2762 annum.

581 2981 786 3046 Hundredus
808 2982 846 3047 de
871 2981 1001 3048 chaale
1023 2981 1228 3066 [Cheveley].

417 3122 590 3207 Kmlinge
603 3122 789 3207 [Kirtling].
826 3122 992 3188 Radulsus
1004 3125 1047 3188 de
1063 3123 1174 3187 Thoni
1190 3132 1282 3187 tenet
1295 3119 1462 3202 Kertling'

353 3248 412 3312 per
433 3229 629 3293 serianciam
649 3229 692 3295 de
714 3230 854 3293 domino
875 3228 978 3311 Rege,
994 3238 1029 3293 et
1051 3229 1096 3294 ibi
1119 3237 1198 3293 sunt
1218 3251 1260 3293 .x.
1277 3228 1354 3292 hide
1373 3236 1462 3290 terre

352 3353 418 3397 non
435 3332 627 3417 geldabiles‚
637 3343 671 3396 et
686 3333 720 3396 in
736 3331 816 3396 villa
831 3333 874 3396 de
888 3332 1065 3414 Kertlinge
1078 3333 1169 3396 nulla
1179 3340 1231 3396 est
1246 3340 1336 3395 secta
1351 3350 1462 3414 neque

351 3437 515 3503 auxilium
531 3437 743 3501 vicecomitis.

416 3537 550 3603 Dittone
581 3537 704 3622 [Wood
734 3537 878 3620 Ditton].
925 3536 1090 3600 Radulsus
1120 3539 1163 3600 de
1193 3538 1338 3621 Carneys
1368 3547 1462 3602 tenet

353 3642 474 3707 Dittoh
496 3643 539 3706 ad
559 3641 646 3705 ieodi
663 3641 793 3706 firmam
811 3661 870 3724 per
885 3663 928 3704 .x.
944 3640 1046 3704 libras
1069 3640 1112 3704 de
1127 3639 1306 3706 heredibus
1323 3639 1458 3704 Radulfi

350 3747 408 3812 filii
426 3747 590 3831 Hugonis
636 3748 682 3812 Et
694 3745 818 3812 ibidem
830 3757 909 3811 sunt
921 3767 964 3810 .x.
979 3746 1059 3811 hide
1070 3746 1262 3829 geldabiles.
1308 3747 1354 3810 Et
1369 3745 1458 3810 idem

351 3850 515 3917 Radulsus
552 3851 653 3916 debet
690 3873 749 3935 per
786 3872 912 3916 annum
951 3851 980 3933 .j.
1018 3861 1154 3927 sectam,
1184 3861 1219 3914 et
1255 3851 1299 3914 de
1331 3849 1460 3913 auxilio

349 3955 553 4022 vicecomitis
577 3955 665 4039 ,iiijs
690 3975 749 4040 per
770 3974 905 4021 annum.

256 4081 272 4130 s.
290 4098 298 4132 1
305 4099 336 4146 ⁵0
418 4060 705 4146 Saxtmffiaxon
722 4062 755 4126 in
768 4061 879 4126 Wood
894 4058 1038 4144 Ditton].
1070 4059 1219 4124 Thomas
1234 4057 1460 4139 deValeneys

351 4177 444 4232 tenet
466 4165 587 4229 Ditton
610 4168 654 4230 de
676 4165 774 4231 feodo
798 4165 944 4248 Cameys
967 4185 1026 4248 per
1048 4163 1224 4229 seruicium
1252 4163 1395 4226 militare
1415 4161 1460 4226 de
1587 4204 1588 4213 τ

350 4272 476 4336 honore
503 4271 726 4335 Richmondie
750 4271 876 4335 scilicet
899 4270 998 4334 seoda
1021 4269 1074 4351 .iij.
1097 4267 1251 4343 militum,
1273 4275 1307 4329 et
1334 4266 1458 4330 ibidem

350 4385 428 4450 sunt
450 4397 488 4439 .v.
511 4375 589 4438 hide
612 4384 698 4438 terre
723 4374 914 4456 geldabiles.
961 4373 1007 4437 Et
1037 4371 1160 4437 ibidem
1192 4373 1280 4434 idem
1309 4369 1459 4433 Thomas
