3192 5067
350 376 398 448 34
690 352 861 428 Election
887 353 935 450 os
951 378 975 427 a
1001 352 1124 427 Prior

349 539 510 613 specialiter
533 540 669 611 deputato
694 540 864 595 mandamus
890 550 918 595 et
942 538 1146 595 committimus
1165 538 1299 611 quatinus
1320 537 1391 593 cites
1412 553 1462 591 seu

350 629 431 685 citari
443 629 532 685 iacias
544 639 573 685 et
585 646 702 685 moneas
714 627 902 700 peremptorie
917 631 953 683 N.
965 630 1001 683 N.
1014 626 1185 683 confratrem
1197 636 1225 683 et
1238 626 1462 681 concanonicum

349 728 478 773 nostnrm
488 728 518 773 vt
527 717 637 773 intersit
649 718 799 772 nobiscum
813 717 841 771 in
854 716 978 785 capitulo
988 725 1085 771 nostro
1095 714 1235 786 prioratus
1245 714 1281 768 de
1291 713 1461 768 Bernewelle

350 822 401 875 per
420 820 451 859 se
472 805 516 860 vel
538 822 588 875 per
609 814 818 876 procuratorem
838 820 921 859 suurn
941 804 978 859 N.
997 803 1043 858 die
1061 802 1169 858 mensis
1189 804 1225 856 N.
1245 801 1282 854 ad
1301 800 1461 869 eligendum

351 892 499 947 nobiscum
508 894 653 948 Pastorem
664 902 692 948 et
702 893 827 948 Priorem
836 893 974 958 iuturum3
988 908 1071 962 quem
1083 890 1232 947 terminum
1243 889 1461 960 peremptorium

351 980 405 1035 sibi
422 980 602 1051 assignamus
619 990 733 1053 propter
745 980 855 1035 viarum
868 979 1040 1046 discrimina,
1053 979 1212 1035 animarum
1225 977 1349 1049 pericula
1364 976 1462 1047 damp-

352 1085 445 1139 naque
452 1066 531 1139 [que]
539 1069 703 1137 contingere
710 1068 802 1123 solent
810 1077 937 1138 tempore
944 1065 1247 1125 vacaeioniseuitanda
1253 1076 1282 1121 et
1291 1066 1328 1120 nd
1336 1066 1462 1121 dandum

351 1156 434 1211 nobis
451 1157 602 1211 consilium
619 1158 741 1212 salutare
758 1156 787 1211 in
804 1166 862 1211 tam
880 1156 968 1211 arduo
985 1154 1118 1225 negocio;
1138 1164 1223 1225 atque
1240 1162 1268 1209 te
1287 1164 1384 1209 tenore
1402 1170 1463 1224 pre-

351 1244 479 1299 sencium
499 1244 620 1298 citamus
640 1253 668 1299 et
687 1259 838 1298 monemus
858 1252 888 1297 vt
909 1241 956 1297 die
977 1241 1104 1311 predicto
1123 1240 1272 1296 nobiscum
1294 1239 1405 1295 intersis
1426 1240 1462 1295 ad

352 1331 514 1402 eligendum
521 1340 550 1386 et
557 1331 705 1387 consilium
714 1331 840 1385 dandum
850 1342 999 1401 ceteraque
1008 1329 1138 1385 facienda
1146 1328 1376 1400 expediendaque
1384 1326 1463 1401 [que]

352 1419 382 1473 in
394 1419 448 1473 hoc
461 1419 582 1489 negocio
595 1427 660 1473 sunt
672 1418 833 1473 necessaria
845 1428 873 1473 et
890 1428 1029 1487 oportuna
1042 1428 1070 1472 et
1082 1417 1150 1488 quid
1165 1416 1264 1472 feceris
1277 1417 1305 1470 in
1319 1416 1463 1487 premissis

352 1522 406 1561 nos
427 1506 512 1561 dictis
534 1507 580 1562 die
602 1516 630 1560 et
652 1507 715 1561 ioco
736 1506 790 1561 sub
815 1505 907 1576 sigillo
931 1504 1074 1561 autentico
1095 1506 1139 1559 vel
1161 1506 1224 1559 viue
1248 1504 1325 1559 vocis
1349 1506 1462 1560 oraculo

353 1594 508 1649 certificare
520 1609 608 1650 cures.
647 1595 754 1649 Datum
770 1595 824 1649 sub
837 1595 929 1664 sigilio
944 1596 981 1649 N.
995 1595 1083 1649 nostri
1097 1596 1134 1649 N.
1148 1595 1194 1650 die
1206 1593 1313 1650 mensis
1328 1595 1364 1648 N.
1377 1594 1462 1649 Anno

353 1680 462 1736 domini
474 1682 624 1737 millesimo
637 1682 916 1753 quadringentesimo
928 1679 1006 1754 etc.²]

680 1846 690 1878 ¹
707 1847 738 1897 In
750 1864 766 1897 a
776 1847 845 1898 hand
856 1847 885 1898 of
893 1849 935 1899 the
950 1849 1006 1911 15th
1018 1856 1129 1915 century.
