3192 5067
312 314 360 387 74
549 294 611 391 Os
630 293 691 367 tlte
717 293 854 369 Priors
879 292 959 365 and
979 290 1080 365 thez'r
1104 297 1181 363 acts
1255 283 1375 387 [Boou
1403 304 1415 354 1

311 481 399 546 uixit
413 502 474 565 per
492 502 587 546 xxx.
603 502 719 546 annos⁴
730 491 765 546 et
785 480 938 565 amplius
954 489 1079 543 etcum
1095 476 1189 543 senio
1204 472 1417 559 corporisque

311 586 483 651 debilitate
505 586 708 670 fatigaretur,
726 606 885 651 concessa
906 585 970 649 sibi
994 582 1182 667 prouisione
1205 576 1418 663 competenti,

313 691 494 775 resignauit
525 691 712 756 Prioratum
743 710 840 755 suum
866 688 899 752 in
927 708 1046 752 manus
1071 684 1231 770 Episcopi
1263 681 1418 766 Elyensis

314 793 401 858 circa
416 792 537 859 festum
562 794 668 858 sancti
692 792 851 857 Iohannis
867 791 1022 876 baptiste,
1037 810 1127 855 anno
1142 788 1269 853 domini
1285 792 1349 851 .m⁰.
1361 790 1418 849 cc⁰.

148 893 301 987 ῌξζξῗῇ
313 900 532 981 nonagesimo
554 899 707 982 septimo.
753 898 799 962 Et
826 895 911 980 obijt
936 894 1054 959 eodem
1082 914 1172 959 anno
1197 892 1346 957 nondum
1371 910 1420 954 re-

149 993 287 1087 ἳξξξὲῗ·
314 1003 440 1082 uoluto,
454 1003 610 1067 videlicet
629 1011 751 1067 octauo
771 1001 826 1065 die
848 998 1072 1064 dedicacionis
1092 996 1228 1061 ecclesie
1247 1001 1368 1067 nostre,
1388 998 1421 1055 et

150 1093 292 1187 ffiglffg,
313 1108 464 1191 sepultus
490 1108 523 1172 in
550 1107 745 1192 pauimento
767 1126 880 1171 coram
904 1104 999 1169 altari
1022 1112 1137 1168 sancte
1161 1100 1329 1165 Katerine.
1377 1097 1422 1161 Et

151 1222 287 1316 &rpem
316 1210 409 1275 Prior
440 1210 648 1289 Benedictus,
679 1210 736 1295 qui
767 1210 797 1274 ei
829 1208 996 1286 successit,
1027 1207 1136 1291 ipsum
1163 1200 1342 1270 honorifice
1371 1219 1422 1264 se-

152 1324 229 1367 Prior·
315 1315 467 1401 peliuit¹.]

369 1500 512 1554 Tenentes
525 1499 629 1556 Prioris
641 1499 669 1555 in
685 1500 861 1557 Chesterton.
890 1500 989 1555 Abbas
1001 1498 1037 1554 de
1051 1495 1185 1554 Versellis
1198 1506 1274 1552 tenet
1287 1494 1323 1564 iij.
1333 1494 1424 1563 hydas

316 1596 345 1642 et
361 1585 518 1654 dimidiam,
536 1587 612 1642 vnde
630 1588 714 1642 soluit
732 1605 783 1659 per
802 1605 907 1643 annum
923 1587 960 1657 xij
979 1606 1000 1643 s
1040 1588 1112 1641 Item
1132 1585 1216 1641 soluit
1232 1602 1284 1656 pro
1301 1584 1424 1655 quadam

316 1676 415 1747 placea
427 1674 474 1731 ubi
487 1676 681 1731 molendinum
691 1677 801 1733 solebat
814 1694 876 1733 esse
890 1677 907 1748 ij
917 1678 943 1732 d.
973 1678 1044 1732 ltem
1055 1676 1179 1731 inueniet
1189 1692 1274 1729 vnam
1284 1682 1425 1729 carectam

318 1767 347 1821 iu
371 1775 528 1837 autumpno
552 1784 604 1837 pro
626 1783 657 1822 se
678 1776 707 1822 et
728 1784 779 1837 pro
801 1767 964 1822 hominibus
984 1766 1042 1821 suis
1064 1765 1101 1820 ad
1123 1766 1288 1821 uariandum
1309 1764 1425 1819 bladum

319 1855 426 1911 domini
448 1854 543 1925 Regis.
582 1856 656 1910 Item
677 1854 803 1912 inueniet
821 1872 905 1911 vnam
925 1872 1057 1911 carneam
1076 1856 1104 1909 in
1123 1865 1251 1925 tempore
1269 1851 1370 1924 yemali
1389 1852 1427 1906 ad

320 1943 526 1999 seminandum.
573 1944 646 1998 Item
671 1944 700 1997 in
724 1955 851 2014 tempore
876 1944 1112 2015 quadragesimali
1137 1942 1262 1998 inueniet
1287 1957 1426 1996 carneam.

322 2032 395 2087 item
420 2032 448 2085 in
473 2042 600 2101 tempore
622 2031 769 2087 inbinandi
788 2030 800 2100 j
826 2048 965 2087 carneam
1006 2032 1078 2087 ltem
1100 2032 1199 2087 Abbas
1221 2030 1357 2100 percipiet
1377 2044 1427 2099 pro

320 2119 446 2190 qualibet
470 2136 567 2175 arrura
589 2119 639 2189 jd
680 2121 753 2175 Item
777 2136 876 2174 omnes
901 2129 1029 2174 tenentes
1054 2120 1181 2175 eiusdem
1206 2119 1327 2174 Abbatis
1347 2134 1429 2173 vnus

322 2208 442 2279 quisque
466 2223 564 2263 eorum
589 2207 714 2263 inueniet
733 2224 822 2263 vnum
846 2208 992 2263 hominem
1016 2208 1052 2263 ad
1077 2208 1198 2278 primam
1218 2205 1375 2278 precariam
1400 2205 1427 2259 in

322 2306 484 2366 autumpno.
522 2296 560 2352 Et
576 2295 693 2367 quilibet
710 2312 808 2351 eorum
827 2296 943 2366 recipiet
960 2297 1087 2351 oblatum
1106 2312 1209 2366 panem
1228 2304 1255 2349 et
1277 2310 1429 2365 compana-

322 2384 411 2455 gium,
432 2384 562 2440 videlicet
584 2384 603 2454 ij
625 2384 728 2439 alleces
746 2384 793 2439 uel
812 2385 938 2454 precium
963 2384 1034 2440 tanti
1055 2383 1167 2440 valoris.
1207 2386 1279 2439 ltem
1300 2382 1430 2438 homines

323 2472 392 2528 dicti
411 2473 532 2527 Abbatis
554 2472 722 2527 herciabunt
745 2472 790 2527 bis
814 2488 864 2543 per
887 2488 994 2527 annum
1019 2482 1046 2527 et
1070 2472 1205 2542 recipient
1226 2473 1238 2542 j
1260 2471 1430 2543 quadratum

324 2576 427 2631 panem
449 2569 477 2614 et
495 2558 506 2628 j
529 2560 655 2614 allecem.
694 2560 825 2615 Preterea
843 2560 988 2615 habebunt
1008 2560 1036 2631 iij
1056 2577 1163 2630 poynes
1182 2576 1336 2615 auenarum
1354 2570 1383 2613 et
1401 2558 1430 2611 in

324 2660 451 2717 tempore
468 2648 684 2719 quadragesime
699 2648 769 2716 (sic).
803 2648 874 2703 ltem
887 2665 986 2703 omnes
999 2657 1126 2703 tenentes
1140 2658 1228 2704 terras
1240 2648 1431 2719 unusquisque

325 2753 422 2792 eorum
433 2734 556 2790 inueniet
567 2752 653 2790 vnum
660 2736 805 2791 hominem
813 2753 863 2806 per
868 2735 879 2805 j
891 2736 967 2792 diem
977 2736 1014 2791 ad
1022 2736 1212 2805 colligendum
1220 2736 1317 2791 lenum
1325 2732 1431 2790 domini

326 2820 414 2891 Regis
432 2830 550 2890 excepto
568 2820 711 2876 Willelmo
730 2830 758 2875 et
776 2821 928 2876 heredibus
949 2820 1043 2889 Egidij
1063 2820 1111 2890 filij
1131 2819 1183 2875 sui.
1223 2820 1294 2875 item
1314 2817 1433 2890 predicti

325 2908 454 2963 homines
467 2909 647 2963 sarculabunt
659 2908 789 2963 videlicet
801 2920 890 2964 terras
902 2918 1031 2965 tenentes
1044 2926 1094 2980 per
1103 2908 1114 2978 j
1125 2910 1201 2964 diem
1214 2926 1266 2963 nec
1279 2908 1434 2981 percipient

327 3013 378 3066 pro
402 2995 564 3050 huiusmodi
588 2996 722 3066 operibus
743 2996 797 3051 nisi
820 2997 983 3051 vadimonia
1004 2998 1041 3052 ad
1063 2998 1165 3051 festum
1187 2997 1278 3051 sancti
1301 2996 1375 3053 Petri
1397 2996 1434 3050 ad

328 3083 457 3139 uincula¹
466 3095 494 3139 et
507 3084 708 3155 acquietabunt
720 3086 818 3139 omnia
827 3085 954 3139 dominia
964 3085 1126 3156 appreciata
1139 3102 1188 3155 per
1197 3086 1289 3140 visum
1302 3084 1434 3155 legalium

328 3172 475 3228 hominnm
488 3172 548 3227 sine
560 3171 657 3243 aliqua
669 3172 827 3227 occasione.
861 3174 933 3227 ltem
946 3174 1088 3243 predictus
1100 3174 1199 3229 Abbas
1212 3174 1297 3229 debet
1310 3174 1436 3228 inuenire

329 3259 444 3315 cuilibet
457 3260 610 3315 carectario
623 3260 652 3313 in
664 3270 820 3330 autumpno
833 3260 958 3315 oblatum
971 3277 1075 3331 panem
1087 3272 1115 3315 et
1129 3261 1146 3330 ij
1160 3261 1263 3317 alleces
1276 3260 1341 3317 etc·³

380 3437 389 3470 ¹
406 3430 499 3480 Added
516 3430 542 3479 in
559 3447 575 3480 a
590 3430 705 3480 different
721 3430 801 3479 hand.
834 3431 888 3481 The
906 3432 998 3482 license
1012 3430 1042 3482 ol
1055 3433 1125 3497 King
1140 3434 1250 3483 Edward
1265 3435 1286 3483 1.
1301 3443 1328 3484 to
1342 3436 1406 3485 elect
1422 3450 1438 3484 a

333 3514 407 3578 prior,
421 3530 454 3562 on
467 3514 560 3579 receipt
575 3513 605 3563 ol
618 3514 660 3563 the
676 3529 743 3563 news
758 3514 788 3563 ol
803 3516 873 3565 Prior
888 3514 1004 3580 Symon's
1019 3518 1180 3581 resignation,
1195 3518 1216 3569 is
1231 3518 1306 3569 dated
1322 3536 1353 3569 ao
1362 3520 1437 3584 June,

336 3595 479 3662 1297(R0r.
501 3596 553 3647 Pal.
574 3613 603 3659 ²5
617 3597 688 3647 Edw.
704 3597 727 3647 1.
741 3614 774 3647 m.
790 3600 831 3661 4);
847 3600 897 3649 and
910 3600 948 3650 bis
959 3610 1041 3651 assent
1059 3610 1085 3651 to
1098 3602 1140 3651 the
1156 3600 1262 3653 cleclion
1274 3601 1303 3652 oi
1317 3602 1437 3653 Benedict

333 3677 366 3726 de
377 3677 486 3735 Welton,
498 3694 547 3727 one
559 3678 588 3728 oi
596 3678 638 3729 the
650 3694 751 3740 canons,
767 3680 798 3731 26
807 3682 873 3745 June
886 3681 963 3747 (ibid.
978 3684 1015 3732 Pt.
1030 3696 1060 3732 11.
1073 3700 1107 3733 m.
1121 3686 1154 3746 α).

383 3760 394 3793 ¹
411 3762 528 3811 Laminas
540 3762 605 3826 Day,
623 3778 632 3810 1
648 3762 715 3828 Aug.

378 3841 395 3974 l:
410 3844 474 3893 This
491 3846 630 3909 paragraph
647 3848 665 3871 “
674 3846 800 3896 'senentes
817 3847 958 3914 Prioris-ij
976 3848 1067 3899 alleces
1082 3848 1147 3900 etc.’'
1162 3851 1224 3900 isin
1239 3868 1254 3901 a
1269 3852 1338 3901 haud
1352 3851 1381 3902 ol
1397 3853 1440 3902 the

338 3934 378 3993 15t
412 3933 477 3976 cent.
