3192 5067
141 368 215 468 νη]
244 441 249 450 ,
449 370 611 445 Tenants
636 370 677 444 in
703 369 928 468 Madingley
1173 387 1243 464 307

547 664 596 727 23.
641 644 843 730 [caldecote]

206 795 311 859 Anno
333 795 425 878 regni
450 794 553 876 Regis
578 792 734 857 Edwardi
757 793 905 857 secundo
928 794 1033 876 petite
1055 793 1186 857 fuerunt
1205 792 1248 857 de

140 908 212 963 tota
234 899 349 963 villata
371 900 414 963 de
437 899 619 963 Caldecote
641 899 716 982 .viij.
739 919 851 962 marce
880 919 941 982 pro
963 907 1158 982 contemptu
1185 898 1248 963 sub

140 1003 236 1067 uiridi
259 1024 353 1082 cera;
376 1012 411 1067 et
427 1003 558 1068 suerunt
580 1004 689 1067 solute
710 1004 790 1088 quia
812 1003 965 1067 homines
979 1003 1057 1067 ville
1080 1002 1166 1066 illius
1188 1023 1249 1085 per

139 1107 239 1171 aliam
270 1109 359 1170 uiam
390 1108 529 1171 transire
558 1127 625 1171 non
658 1116 845 1190 potuerunt.
892 1107 968 1191 Que
1002 1107 1139 1191 quidem
1170 1117 1246 1171 octo

139 1231 250 1276 marce
264 1211 402 1276 collecte
417 1212 550 1276 suerunt
567 1212 632 1274 hoc
647 1213 759 1276 mod0.
803 1211 893 1277 Tota
907 1212 1021 1277 villata
1036 1211 1247 1276 diuidebatur

139 1317 172 1378 in
188 1317 272 1380 duas
287 1324 408 1406 partes,
428 1316 554 1380 scilicet
573 1317 606 1379 in
623 1315 722 1380 feodo
737 1315 910 1395 libertatiS,
925 1327 959 1380 et
974 1317 1074 1380 feodo
1089 1316 1247 1399 gildabili.

141 1421 210 1514 igsi
226 1421 283 1504 qui
304 1421 463 1485 tenebant
482 1420 526 1485 de
547 1420 700 1485 libertate
720 1420 892 1485 sciuerunt
912 1441 973 1484 sex
991 1441 1127 1498 marcas,
1142 1431 1176 1484 et
1191 1442 1247 1485 eas

140 1522 299 1590 miserunt
313 1524 357 1588 ad
369 1527 570 1590 scaccarium
584 1525 687 1608 Regis
702 1546 762 1609 per
776 1526 935 1590 nuncium
951 1546 1058 1604 suum,
1073 1535 1107 1589 et
1123 1525 1246 1589 ibidem

138 1629 265 1693 talliam
303 1639 506 1712 receperunt.
552 1630 621 1712 Ipsi
658 1650 738 1695 uero
776 1631 833 1713 qui
871 1630 1032 1695 tenebant
1068 1628 1111 1694 de
1148 1629 1247 1694 seodo

138 1733 288 1816 gildabili
309 1733 481 1798 soluerunt
501 1735 585 1798 duas
606 1753 735 1798 marcas
756 1733 904 1798 residuas
925 1734 967 1798 de
989 1731 1088 1797 seodo
1107 1733 1246 1797 Roberti
1348 1753 1350 1760 ’

139 1840 170 1902 ie
197 1838 291 1916 Goiz,
316 1847 351 1903 et
380 1859 437 1902 eas
463 1839 634 1903 sciuerunt
660 1841 847 1904 vicecomiti
875 1838 1096 1922 Cantebrigie,
1122 1839 1336 1918 scilicetn172

141 1942 290 2007 Roberto
311 1943 367 2007 dei
390 1942 499 2020 Estre,
513 1951 548 2006 et
571 1941 703 2006 fuerunt
726 1942 865 2006 collecte
888 1942 974 2006 inter
996 1950 1147 2007 tenentes
1170 1942 1246 2005 sub-

139 2047 280 2129 scriptos
302 2046 474 2111 videlicet:

140 2194 185 2246 De
198 2191 341 2247 Willelmo
352 2192 389 2247 de
403 2192 519 2247 Mortuo
532 2192 606 2247 Mori
619 2193 668 2262 qui
681 2192 771 2247 tenuit
784 2193 828 2247 ad
842 2209 932 2260 acras,
945 2191 1093 2246 dimidiam
1111 2208 1246 2249 marcam.

141 2283 185 2336 De
199 2281 295 2336 Priore
307 2282 343 2336 de
356 2281 527 2336 Bemewelle
538 2283 587 2352 qui
599 2281 689 2336 tenuit
701 2301 754 2336 .xv.
767 2299 858 2350 acras,
872 2300 941 2337 ‚rotie
954 2281 1094 2337 denarios.

141 2369 186 2422 De
199 2368 341 2423 Michaele
353 2368 390 2424 de
405 2368 592 2438 Trumpitone
608 2367 657 2438 qui
673 2367 763 2424 tenuit
779 2368 853 2439 aiiij.
872 2384 954 2424 acras
966 2379 993 2424 et
1006 2369 1163 2437 dimidiam,
1176 2389 1245 2425 moe

209 2456 351 2511 denarios.

140 2546 186 2600 De
200 2544 325 2601 Robeno
338 2545 409 2600 Mile
420 2545 469 2615 qui
480 2544 571 2600 tenuit
582 2562 617 2600 ,re
630 2560 720 2613 acras,
732 2563 784 2601 acc
798 2545 938 2604 denarios.

140 2635 185 2690 De
198 2634 324 2689 Waltero
336 2633 373 2688 de
386 2633 532 2688 Kimwelle
543 2635 591 2704 qui
604 2633 693 2690 tenuit
706 2634 778 2704 orxij.
792 2650 882 2702 acras,
896 2633 980 2702 ‚xliiii
994 2634 1133 2690 denarios.

139 2725 185 2777 De
198 2721 326 2778 Galirido
339 2722 422 2793 Crisp
433 2722 482 2793 qui
495 2722 585 2778 tenuit
597 2722 660 2792 adii.
674 2738 764 2789 acras,
777 2722 857 2778 .xxvi.
871 2723 1009 2778 denarios.

139 2813 186 2866 De
201 2811 323 2867 Roberte
335 2810 371 2865 de
384 2812 498 2866 Brunne
509 2820 538 2865 et
549 2811 734 2882 participibus
747 2811 805 2868 suis
818 2828 868 2880 pro
882 2831 914 2866 ae
929 2812 1010 2879 acris,
1024 2831 1074 2866 .xx.
1088 2812 1227 2868 denarios.

141 2899 186 2954 De
200 2899 324 2968 Hugone
337 2898 373 2953 de
386 2899 504 2953 Estcote
516 2898 564 2970 qui
577 2898 667 2954 tenuit
679 2907 737 2954 tres
749 2915 839 2966 acras,
853 2900 897 2971 .vj.
911 2899 1050 2954 denarios.

141 2988 186 3040 De
200 2987 312 3055 Regem
324 2986 435 3041 Clerico
447 2985 495 3056 qui
508 2987 597 3042 tenuit
610 2995 731 3058 quatuor
742 3003 832 3053 acras,
846 2987 910 3058 .viij.
924 2988 1064 3042 denarios.
1078 3001 1082 3008 ·

139 3075 185 3129 De
199 3073 326 3129 Henrico
337 3075 364 3129 le
377 3075 519 3144 Franceys
531 3075 578 3144 qui
592 3073 682 3129 tenuit
694 3086 816 3144 quatuor
828 3090 919 3144 acras,
931 3075 997 3146 .viij.
1010 3075 1150 3130 denarios.

139 3165 185 3217 De
199 3163 323 3216 Roberto
336 3161 427 3231 Sygar
437 3161 487 3232 qui
498 3161 589 3217 tenuit
601 3161 665 3231 ariij.
678 3177 768 3228 acras,
780 3161 861 3232 aorvj.
875 3163 1014 3218 denarios.

140 3252 185 3308 De
199 3250 304 3320 Roysia
316 3251 353 3308 de
364 3251 537 3307 iiaadelowe
548 3250 596 3322 qui
609 3251 699 3308 tenuit
711 3249 768 3321 diij.
781 3267 871 3319 acras,
885 3251 950 3322 .viij.
963 3252 1102 3309 denarios.

407 3496 457 3560 24
502 3478 980 3598 [Madamterrradmteyi]

168 3594 173 3600 ἡ
204 3638 264 3703 Isti
280 3647 358 3702 sunt
373 3647 525 3703 tenentes
542 3637 663 3702 Prioris
678 3637 721 3702 de
736 3637 940 3704 Bemewelle
956 3639 989 3703 in
1007 3639 1204 3725 Maddingle
1214 3614 1228 3706 εΙ

204 3785 357 3870 Rogems
386 3785 571 3850 Vendhout
600 3794 693 3850 tenet
722 3785 802 3869 ‚xiii
833 3805 926 3851 acras
955 3795 1041 3854 terre
1070 3807 1147 3854 cum
1176 3809 1244 3852 vno

137 3891 319 3972 mesuagiO,
330 3899 365 3955 et
376 3891 485 3956 reddit
496 3888 575 3954 inde
586 3910 644 3972 per
655 3890 868 3973 annumariij.
879 3891 1015 3968 solidos,
1027 3891 1068 3976 ,ij.
1080 3894 1243 3970 denarios,

137 3994 284 4072 obolum,
298 3993 342 4057 ad
362 3995 522 4058 terminos
539 3993 679 4072 vsuales,
694 4003 728 4060 et
743 3996 828 4060 duos
844 4014 988 4079 capones
1004 3996 1047 4061 ad
1065 3997 1195 4076 Natale,
1209 4007 1244 4070 et

137 4101 201 4164 hoc
214 4107 445 4164 tenementum
462 4109 512 4164 est
527 4099 562 4162 in
579 4098 784 4183 Maddingle

204 4203 300 4268 Idem
318 4201 470 4285 Rogems
485 4213 578 4268 tenet
594 4204 627 4268 in
648 4205 776 4289 eampis
790 4205 835 4270 de
851 4205 945 4272 Cotis
960 4206 1035 4290 .viij.
1050 4227 1143 4273 acras
1158 4217 1245 4274 terre

136 4317 171 4373 et
187 4306 296 4372 reddit
312 4305 390 4372 inde
405 4328 463 4392 per
477 4328 603 4373 annum
619 4309 727 4392 xxxj.
742 4310 904 4378 denarios.

203 4411 371 4476 Waltems
393 4411 479 4476 filius
502 4412 658 4495 Hugonis
678 4414 712 4478 in
731 4415 857 4498 angulo
877 4425 969 4481 tenet
990 4417 1023 4480 in
1047 4417 1245 4502 Maddingle

1065 4565 1163 4608 20-2
