3192 5067
325 378 392 447 14²
616 354 709 428 Care
733 354 783 450 of
799 354 961 427 Isobella
990 352 1127 427 Chivin
1306 352 1424 451 [soor

415 616 467 679 62.
510 614 563 679 De
593 614 739 680 Ysabella
763 614 891 697 Chyuin
912 616 1110 681 Inrotulacio
1135 616 1329 700 cantebrige.

155 794 310 888 fimf&
372 804 466 858 Datus
477 812 521 857 est
534 804 596 859 dies
610 804 731 859 isabelle
748 804 804 859 filie
819 804 959 875 Johannis
977 804 1078 859 Chiuin
1095 805 1131 860 de
1149 806 1263 859 Brunne
1280 804 1383 873 petenti
1397 812 1425 857 et

156 895 263 989 {mn
320 888 461 945 Roberto¹
479 892 592 960 Chyuin
611 893 717 947 tenenti
736 894 773 948 de
791 894 935 948 audienda
953 893 1089 949 electione
1107 894 1143 948 de
1160 910 1217 949 vno
1235 892 1380 961 mesuagio
1397 901 1425 947 et

156 998 214 1049 nes.
248 977 254 997 '
319 989 428 1049 septem
450 978 522 1033 acris
544 990 617 1034 terre
638 997 702 1034 cnm
724 980 906 1050 pertinenciis
928 982 957 1035 in
979 982 1107 1036 Brunne:
1132 992 1160 1037 et
1180 980 1272 1035 eidem
1292 979 1425 1035 Ysabelle

317 1067 424 1138 petenti
437 1078 467 1123 et
479 1068 622 1122 Willelmo
639 1068 676 1123 de
693 1069 943 1125 Sabristesworthe
960 1068 1067 1125 tenenti
1085 1069 1121 1123 de
1137 1079 1246 1139 septem
1263 1068 1336 1123 acris
1353 1078 1424 1123 terre

317 1171 382 1211 cum
403 1156 585 1226 pertinenciis
605 1156 635 1211 in
658 1160 788 1223 Brunne;
815 1167 844 1213 et
864 1157 957 1212 eidem
981 1158 1102 1213 Isabelle
1123 1157 1228 1229 petenti
1251 1167 1280 1211 et
1300 1156 1424 1227 Johanni

317 1245 354 1299 de
368 1245 522 1300 Caldecote
539 1244 645 1301 tenenti
664 1245 699 1300 de
716 1246 807 1301 tribus
824 1244 901 1300 rodis
918 1254 991 1301 terre
1008 1261 1073 1299 cum
1088 1244 1268 1317 pertinenciis
1281 1245 1310 1299 in
1323 1244 1424 1299 eadem

318 1331 392 1399 villa,
411 1348 429 1383 a
448 1330 494 1385 die
513 1332 604 1387 sancti
621 1332 771 1387 Michaelis
790 1332 820 1385 in
839 1342 896 1387 tres
915 1332 1090 1402 septimanas
1108 1350 1159 1404 pro
1177 1333 1288 1387 defectu
1305 1342 1425 1403 quatuor

318 1419 437 1474 militum
451 1418 518 1490 quia
530 1419 623 1474 nullus
636 1419 720 1474 venit.
759 1421 829 1475 ldeo
843 1421 1002 1475 vicecomes
1015 1421 1119 1477 habeat
1131 1437 1249 1491 corpora
1261 1436 1359 1474 comm
1371 1429 1422 1473 etc

371 1506 410 1560 Et
432 1507 532 1561 eadem
554 1508 679 1563 lsabella
697 1508 782 1579 peciit
802 1526 900 1564 versus
923 1509 1049 1564 Priorem
1071 1509 1107 1563 de
1130 1509 1300 1563 Bemewelle
1321 1523 1424 1561 nouem

318 1610 399 1647 acras
418 1604 491 1648 terre
509 1611 573 1650 cum
592 1595 773 1666 pertinenciis
791 1596 821 1650 in
842 1597 965 1661 Brunne,
984 1606 1014 1652 ut
1029 1595 1076 1666 jus
1095 1612 1177 1651 suum
1195 1605 1247 1651 etc.
1287 1596 1323 1649 Et
1346 1592 1425 1649 Prior
1523 1614 1526 1621 ⁴

219 1687 306 1750 t5ob
319 1681 390 1737 alias
410 1683 490 1737 uenit
508 1682 564 1752 hic,
585 1694 614 1739 et
633 1684 728 1755 posuit
748 1701 779 1739 se
798 1686 829 1738 in
851 1700 985 1753 magnam
1005 1700 1134 1754 assysam
1153 1683 1261 1739 domini
1282 1682 1377 1751 Regis,
1396 1692 1424 1737 et

318 1769 404 1841 peciit
422 1770 648 1840 recognicionem
667 1771 734 1839 fieri,
751 1781 845 1827 utrum
863 1773 924 1844 ipse
943 1774 1035 1827 maius
1054 1773 1096 1827 ius
1115 1774 1231 1827 haberet
1250 1771 1279 1827 in
1297 1770 1439 1843 predicto

318 1867 490 1926 tenemento,
502 1875 540 1913 an
553 1859 616 1929 ipsa
629 1858 760 1913 isabella
799 1860 844 1915 lta
860 1860 937 1932 quod
957 1860 1080 1915 isabella
1097 1858 1195 1915 habuit
1212 1859 1288 1914 diem
1304 1856 1374 1930 [hic]
1386 1858 1424 1913 ad

318 1949 393 2003 hunc
406 1947 490 2001 diem
528 1947 566 2000 Et
578 1946 642 2017 ipsa
654 1948 847 2017 sollempniter
864 1956 966 2001 uocata
982 1947 1074 2019 primo
1090 1957 1118 2002 et
1131 1946 1256 2001 secundo
1269 1946 1315 2000 die
1328 1943 1422 2016 placiti

319 2052 375 2089 non
389 2035 474 2089 uenit.
512 2034 550 2090 Et
563 2034 706 2105 predictus
720 2035 801 2090 Prior
812 2035 888 2106 capit
901 2052 931 2089 se
945 2034 1051 2104 precise
1064 2035 1100 2089 ad
1113 2034 1268 2106 predictam
1281 2034 1422 2089 desaltam.

319 2124 357 2177 Et
382 2122 509 2193 predicta
535 2121 659 2177 lsabella
683 2138 740 2176 non
760 2132 854 2193 potest
876 2122 1032 2193 predictam
1054 2122 1187 2177 desaltam
1207 2138 1314 2178 sanare.
1354 2122 1423 2176 ldeo

317 2211 527 2267 consideratum
548 2212 689 2282 estquod
711 2211 854 2282 predictus
875 2212 955 2266 Prior
973 2221 1068 2267 teneat
1089 2213 1184 2281 quiete
1202 2211 1329 2282 predicta
1346 2219 1423 2265 tene·

317 2310 415 2355 menta
427 2299 522 2355 sibiet
535 2300 745 2355 successoribus
757 2300 817 2355 suis
829 2300 865 2355 de
878 2300 1004 2371 predicta
1019 2300 1142 2355 lsabella
1158 2309 1186 2354 et
1200 2298 1352 2355 heredibus
1365 2298 1423 2353 suis

317 2387 521 2459 inperpetuum.

385 2502 459 2566 Hec
489 2502 684 2566 inrotulacio
722 2502 908 2565 inuenietur
940 2502 973 2565 in
1005 2503 1121 2566 rotulis
1152 2502 1349 2587 placitorum
1380 2503 1423 2566 de

318 2607 462 2671 termino
483 2606 609 2670 Pasche
624 2626 713 2669 anno
729 2607 821 2688 regni
843 2608 929 2688 regis
950 2607 1126 2671 Eadwardi
1149 2609 1252 2673 tercio
1272 2608 1422 2673 decimo:

318 2712 473 2777 videlicet
488 2712 520 2775 in
538 2710 653 2775 rotulis
669 2711 712 2774 de
728 2731 842 2775 mense
860 2710 1007 2775 Pasche'.

520 2964 571 3046 63.
616 2964 782 3028 Placitum
804 2964 844 3027 de
864 2964 995 3029 decimis
1016 2964 1055 3029 de
1077 2966 1220 3030 Histone.

157 3153 278 3255 imm
384 3140 546 3223 Magister
568 3139 766 3221 Radulphus
786 3140 829 3203 de
846 3140 1018 3223 Croperia⁴
1036 3150 1143 3205 rector
1163 3141 1300 3207 ecclesie
1318 3146 1423 3209 sancti

154 3255 264 3348 germ
318 3245 456 3308 Andree
471 3242 514 3307 de
531 3242 676 3306 Histone
691 3244 831 3307 accessit
845 3243 888 3307 ad
903 3244 1046 3308 Priorem
1064 3245 1106 3308 de
1123 3245 1325 3311 Bemewelle
1340 3258 1373 3311 et
1390 3250 1422 3312 in

154 3354 303 3455 pigme-
318 3350 425 3413 forma
456 3350 546 3431 pacis
575 3358 610 3413 et
640 3349 763 3411 amoris
793 3348 934 3431 rogabat
963 3369 1040 3412 eum
1072 3360 1107 3412 ut
1138 3352 1334 3414 concederet
1361 3352 1423 3416 sibi

155 3456 258 3549 fflgtffl·
318 3455 464 3519 decimas
490 3474 567 3517 suas
590 3455 633 3517 de
662 3454 808 3517 Histone
831 3455 873 3517 ad
896 3474 1011 3517 verum
1038 3454 1184 3518 valorem
1209 3456 1425 3534 decimarum,

154 3564 294 3651 ἕξω-οῖ
319 3568 506 3643 protestans
527 3580 563 3621 se
583 3558 669 3622 uelle
690 3558 797 3622 iacere
819 3580 953 3622 omnem
976 3560 1186 3624 securitatem
1203 3580 1262 3643 per
1276 3559 1422 3642 sigillum

154 3658 292 3702 ΨΜ*
321 3663 478 3747 Episcopi
494 3672 529 3725 et
539 3661 685 3745 Capituli
702 3662 859 3743 Elyensis
875 3664 917 3726 ad
935 3663 1211 3746 indempnitatem
1228 3664 1367 3729 ecclesie
1382 3666 1424 3730 de

320 3764 528 3831 Bemewelle.
589 3764 657 3829 Sed
689 3764 781 3829 Prior
812 3776 845 3829 et
876 3775 1060 3829 conuentus
1090 3767 1324 3849 sponsionibus
1354 3771 1424 3835 eius

318 3872 531 3955 adquiescere
553 3869 738 3934 noluerunt
785 3872 955 3934 Predictus
977 3890 1055 3935 uero
1077 3873 1234 3953 magister
1253 3872 1370 3938 videns
1389 3896 1424 3939 se

367 4066 376 4097 ¹
393 4067 456 4117 This
468 4067 537 4116 word
547 4066 569 4117 is
579 4066 606 4115 in
617 4066 660 4115 the
671 4064 769 4129 margin
780 4064 811 4114 ol'
818 4065 861 4115 the
873 4064 928 4115 roll.

367 4149 378 4181 ²
396 4150 542 4209 Robertum,
563 4149 621 4199 MS.

367 4233 377 4265 ³
393 4233 435 4283 De
446 4233 532 4282 Banco
544 4232 624 4289 Rolls‚
637 4230 688 4281 No.
699 4234 739 4295 58,
752 4231 813 4281 Roll
827 4247 865 4298 ²9·

364 4316 376 4347 ⁴
393 4315 530 4366 Described
541 4314 567 4363 in
581 4317 679 4377 1258„
692 4313 776 4379 Ralph
785 4314 818 4364 cle
831 4314 951 4379 Cropper,
963 4313 1080 4379 chaplain
1091 4322 1118 4365 to
1129 4331 1145 4365 a
1155 4316 1275 4367 cardinal.
1298 4320 1425 4369 calendar

314 4399 434 4464 osPopal
443 4398 573 4462 Regr'stcrn
585 4397 626 4446 ed.
641 4395 715 4454 stiss,
727 4396 745 4445 i.
758 4395 817 4459 356.
