3192 5067
167 339 223 438 ιν]
428 340 477 437 of
494 343 534 415 S.
567 340 679 415 Clare
705 351 746 413 at
782 340 1017 415 Waterbeaclr
1202 364 1270 437 215

221 526 369 581 Uniuersis
392 526 496 582 Christi
521 525 653 582 fidelibus
678 536 824 596 presentes
845 524 954 581 litteras
976 526 1145 597 inspecturis
1165 527 1274 597 Gwydo
1287 532 1431 625 gimpa

166 614 293 670 officialis
311 615 481 670 venerabilis
495 614 585 686 patris
602 614 708 669 domini
727 614 862 669 Willelmi
880 614 925 668 dei
942 614 1038 683 gracia
1055 613 1187 683 Elyensis
1202 613 1274 685 epis·
1287 633 1400 675 between

165 701 228 772 copi
241 702 401 758 salutemet
414 702 582 757 memoriam
594 702 634 756 rei
647 711 734 772 geste.
1286 682 1417 776 ffi'fgri

219 790 291 845 Cum
308 807 397 861 nuper
412 790 517 845 nobilis
532 789 650 845 domina
667 789 807 858 Dyonisia
822 790 857 844 de
875 801 971 845 monte
985 788 1090 845 Caniso
1103 788 1132 844 in
1147 789 1274 845 manerio
1287 782 1437 876 {ssfflif‘

165 896 217 934 suo
238 879 275 933 de
293 880 482 936 Waterbecbe
503 879 635 948 Elyensis
653 879 809 946 dyoceseos
828 879 1033 936 monasterium
1052 878 1100 949 pia
1119 878 1273 933 deuocione
1288 890 1419 927 unctor·

165 969 224 1023 suis
251 969 410 1039 sumptibus
433 966 602 1035 fundauerit,
626 967 821 1035 construxerit,
846 978 874 1022 et
903 968 1079 1023 abbatissam
1109 977 1137 1022 et
1164 984 1274 1022 sorores
1287 933 1424 1027 iiiiii&

165 1056 330 1111 minorissas
359 1055 466 1111 ordinis
499 1057 603 1111 Sancte
628 1055 710 1111 Clare
739 1055 909 1125 plantauerit
934 1055 963 1109 in
991 1055 1099 1123 eadem,
1125 1054 1273 1127 ipsumque
1287 1034 1437 1128 ξῗξὴζὶξζᾎ,

165 1144 322 1200 manerium
341 1161 423 1199 suum
442 1143 549 1199 eisdem
569 1142 712 1197 sororibus
733 1142 810 1197 dono
830 1153 967 1213 perpetuo
986 1141 1135 1198 contulerit
1154 1142 1191 1196 ad
1212 1158 1272 1196 sus·
1286 1146 1426 1237 gffffiff·

164 1231 355 1289 tentacionem
376 1249 481 1298 earum,
498 1248 532 1286 ac
555 1228 687 1303 S[ymon]
706 1231 787 1285 Prior
808 1240 836 1286 et
858 1240 1015 1286 conuentus
1033 1232 1070 1286 de
1093 1229 1272 1296 Bemewelle‚
1286 1235 1418 1287 thebe-of

165 1331 289 1377 rectores
304 1320 431 1377 eiusdem
449 1318 566 1375 ecclesie
584 1319 620 1375 de
636 1320 836 1388 Waterbeche,
853 1328 881 1372 et
899 1317 1102 1374 Constantinus
1120 1326 1272 1389 perpetuus
1285 1286 1346 1414 ξιξ,

164 1406 285 1464 vicarius
306 1408 442 1476 eiusdem,
462 1425 493 1463 se
510 1424 574 1462 cum
594 1405 736 1461 instancia
754 1406 937 1477 opposuerint
957 1416 1056 1460 contra
1073 1404 1273 1461 fundacionem
1297 1398 1304 1413 ’

164 1508 194 1553 et
206 1497 456 1553 conseruacionem
471 1497 526 1551 loci
541 1496 670 1567 predicti,
683 1504 842 1550 asserentes
855 1512 913 1549 non
927 1494 1069 1549 modicam
1081 1494 1218 1551 lesionem
1232 1493 1273 1548 eis

164 1594 193 1639 et
217 1584 336 1641 ecclesie
360 1602 411 1641 sue
434 1601 518 1655 posse
542 1594 570 1639 et
594 1583 699 1639 debere
728 1583 892 1652 contingere
921 1592 949 1638 et
976 1583 1034 1638 suis
1062 1583 1273 1639 successoribus

164 1674 315 1728 occasione
327 1673 463 1743 predicta,
474 1688 525 1743 per
536 1670 743 1726 subtractiones
754 1680 783 1725 et
795 1670 974 1727 retenciones
985 1670 1156 1727 minutarum
1169 1671 1273 1728 decim-

164 1778 246 1816 arum
267 1762 304 1817 de
324 1763 405 1829 lacte,
426 1761 529 1829 vitulis,
551 1760 642 1829 agnis,
667 1760 741 1826 lana,
761 1758 839 1824 ortis,
861 1758 962 1829 pomis,
981 1759 1184 1828 oblacionibus,
1208 1777 1272 1815 con·

164 1850 343 1918 sessionibus,
367 1860 396 1906 et
420 1850 484 1921 alijs
508 1850 545 1903 ad
573 1848 664 1919 ipsam
693 1847 844 1903 ecclesiam
873 1848 909 1904 de
934 1849 1122 1904 Waterbecbe
1151 1849 1186 1904 de
1215 1849 1273 1903 iure

164 1938 306 1994 communi
331 1937 434 1993 debitis
459 1948 487 1993 et
511 1937 610 1993 solutis
634 1937 753 2007 pacifice
776 1936 953 2007 temporibus
977 1936 1131 2005 retroactis,
1156 1937 1273 1992 tandem

163 2026 200 2081 de
225 2026 343 2081 consilio
365 2026 453 2097 patris
476 2024 595 2095 predicti
618 2034 646 2079 et
667 2024 787 2079 aliorum
812 2023 968 2079 amicorum
989 2041 1090 2095 pacem
1111 2024 1224 2079 fidelem
1246 2034 1273 2079 et

163 2114 313 2169 honestam
334 2113 569 2183 desiderancium,
591 2112 691 2184 prelati
715 2112 793 2167 Prior
815 2123 842 2167 et
864 2122 1020 2167 conuentus
1042 2112 1077 2167 de
1104 2113 1274 2169 Bemewelle

162 2210 192 2257 et
217 2202 421 2257 Constantinus
445 2201 565 2256 vicarius
589 2216 641 2270 pro
665 2217 697 2254 se
721 2207 748 2253 et
771 2199 831 2253 suis
856 2198 1074 2268 successoribus,
1096 2208 1124 2255 et
1148 2198 1273 2269 prelata¹

164 2290 281 2344 domina
308 2290 425 2345 domina
454 2289 585 2344 Dionisia
609 2288 751 2343 fundatrix
779 2305 832 2359 pro
861 2304 892 2341 se
916 2297 944 2341 et
972 2288 1123 2343 heredibus
1148 2288 1214 2357 suis,
1240 2306 1272 2343 ac

163 2376 308 2431 abbatissa
336 2386 364 2431 et
392 2393 502 2431 sorores
527 2392 577 2446 pro
607 2392 638 2429 se
668 2383 696 2430 et
720 2374 778 2429 suis
806 2373 1024 2441 successoribus,
1050 2390 1081 2429 se
1110 2391 1195 2444 super
1218 2376 1273 2445 hijs

163 2465 296 2520 omnibus
317 2474 346 2520 et
367 2464 484 2535 singulis
506 2472 601 2519 nostre
621 2462 797 2517 ordinacioni
820 2471 920 2533 sponte
942 2472 968 2517 et
990 2462 1144 2518 deliberate
1168 2464 1273 2519 submi-

163 2553 249 2609 serint
268 2571 318 2625 per
335 2554 443 2609 litteras
461 2570 527 2608 suas
545 2561 676 2624 patentes
693 2568 814 2623 quarum
835 2560 918 2606 tenor
934 2551 969 2605 de
990 2551 1077 2606 uerbo
1095 2552 1133 2605 ad
1155 2552 1273 2607 uerbum

164 2642 349 2698 subscribitur
366 2640 395 2695 in
414 2643 470 2696 bac
487 2640 598 2695 forma:

217 2734 317 2788 Pateat
326 2731 464 2786 uniuersis
474 2748 524 2802 per
532 2739 678 2801 presentes
687 2729 765 2799 quod
777 2746 831 2783 nos
845 2730 951 2797 Symon
965 2728 1042 2783 Prior
1053 2738 1082 2784 et
1093 2730 1273 2784 Conuentus²
1285 2732 1398 2775 suumn-

162 2819 282 2876 ecclesie
307 2820 404 2875 Sancti
434 2818 528 2888 Egidij
554 2818 590 2872 de
615 2815 788 2872 Beruewelle
813 2815 996 2869 submisimus
1020 2832 1072 2869 nos
1097 2816 1271 2871 ordinacioni
1284 2782 1426 2875 iiiiii?

163 2907 290 2978 magistri
315 2903 493 2977 G[wydonis]
517 2905 646 2960 officialis
669 2903 839 2959 venerabilis
868 2902 957 2972 patris
982 2903 1088 2957 domini
1114 2884 1435 2985 W[illelmi]{²‘1'=¹2}‘,‘¹}²;„‚

163 2996 208 3052 dei
233 2997 329 3067 gracia
353 2996 485 3065 Elyensis
513 2994 638 3065 episcopi
663 2995 692 3047 in
717 3009 805 3047 causa
830 3009 879 3047 seu
904 2991 1091 3047 contencione
1115 3003 1194 3047 mota
1217 3008 1272 3063 que

163 3085 280 3140 uertitur
306 3102 355 3139 seu
383 3083 454 3139 uerti
479 3094 607 3153 speratur
631 3082 704 3136 inter
727 3098 780 3135 nos
804 3090 833 3149 et
859 3078 1076 3136 Constantinum
1105 3090 1272 3151 perpetuum

161 3172 299 3228 vicarium
331 3171 449 3226 ecclesie
481 3180 577 3225 nostre
603 3169 641 3223 de
673 3167 859 3223 Waterbeche
891 3166 1022 3235 Elyensis
1052 3167 1208 3236 dyoceseos
1239 3184 1272 3221 ex

161 3272 242 3332 parte
259 3278 323 3326 vna,
336 3268 365 3315 et
382 3256 506 3314 nobilem
525 3255 669 3311 dominam
690 3255 860 3326 Dyonisiam
878 3256 914 3309 de
934 3264 1030 3309 monte
1050 3255 1155 3310 Caniso
1171 3256 1272 3311 lunda·

162 3350 262 3404 tricem
288 3344 453 3415 monasterij
485 3344 632 3399 abbatisse
660 3354 688 3399 et
720 3360 849 3398 sororum
878 3342 914 3396 de
943 3343 1132 3399 Waterbeche
1165 3344 1271 3399 ordinis

163 3435 259 3493 Sancti
292 3432 453 3490 Francisci³
483 3431 615 3501 Elyensis
644 3432 800 3499 dyoceseos
831 3448 865 3485 ex
897 3431 995 3495 altera,
1028 3432 1157 3487 videlicet
1188 3448 1272 3503 super

162 3525 299 3581 lesionem
318 3523 445 3579 eiusdem
466 3520 585 3577 ecclesie
606 3536 657 3591 per
681 3520 835 3574 aduentum
860 3518 1050 3589 predictarum
1072 3521 1217 3576 abbatisse
1243 3530 1271 3575 et

162 3630 290 3671 sororum
310 3613 338 3668 in
357 3611 485 3683 predicta
504 3610 638 3681 parocbia
655 3610 692 3664 de
711 3608 900 3663 Waterbeche
919 3609 1158 3665 commorancium
1177 3610 1270 3680 quoad

162 3704 287 3759 minutas
310 3700 437 3757 decimas
461 3710 490 3754 et
513 3698 705 3755 obuenciones
731 3697 769 3752 de
795 3698 874 3752 curia
902 3696 1017 3752 domine
1043 3696 1181 3767 Dyonisie
1207 3713 1270 3767 pro-

161 3792 308 3848 ueuientes
323 3800 352 3845 et
369 3790 407 3844 ad
421 3789 559 3844 vicarium
574 3796 702 3843 nostrum
720 3784 828 3840 ibidem
847 3794 1017 3855 spectantes,
1036 3795 1130 3840 ratum
1147 3784 1269 3841 habituri

162 3890 298 3953 perpetuo
313 3890 342 3935 et
358 3888 470 3949 gratum
484 3894 536 3949 pro
551 3877 635 3931 nobis
649 3885 679 3931 et
695 3874 906 3931 successoribus
924 3874 1028 3929 nostris
1044 3874 1178 3946 quicquid
1195 3875 1271 3929 idem

162 3969 289 4026 officialis
317 3985 403 4039 super
429 3964 574 4039 premissis
600 3964 732 4020 omnibus
763 3974 792 4017 et
818 3980 854 4019 ea
879 3962 1063 4033 tangentibus
1089 3962 1199 4019 duxerit
1228 3982 1270 4019 or-

162 4058 326 4115 dinandum.

217 4150 250 4203 ln
268 4147 349 4203 cuius
367 4146 407 4200 rei
425 4143 619 4201 testimonium
638 4140 761 4212 presenti
780 4140 885 4210 scripto
907 4138 1028 4209 sigillum
1047 4138 1161 4208 capituli
1182 4142 1270 4195 nostri

161 4237 280 4291 fecimus
298 4232 411 4306 apponi.
449 4234 557 4287 Datum
575 4231 604 4285 in
624 4228 748 4301 capitulo
768 4228 920 4283 unstrode
941 4228 1110 4282 Bemewelle
1127 4227 1271 4283 dominica

211 4402 221 4434 ¹
238 4398 343 4467 prefate,
355 4400 413 4450 Ms.
575 4396 587 4428 ¹
603 4405 742 4448 conuentus
752 4395 792 4458 de,
809 4396 865 4445 MS.
1031 4392 1042 4426 ³
1058 4392 1178 4453 suncisd,
1191 4394 1248 4446 MS.
