3192 5067
140 326 173 426 1]
393 331 456 428 Of
472 332 520 403 K
516 332 584 429 ing
605 330 647 403 E
647 329 784 403 dward
806 330 867 403 the
892 330 1002 405 Fz'rst
1198 336 1242 403 61

209 518 278 583 lste
299 521 377 583 Rex
400 520 566 583 Henricus
586 528 714 583 cartam
734 538 837 601 quam
862 518 939 583 Rex
962 518 1135 601 Johannes
1156 528 1251 602 pater

140 622 213 685 eius
236 623 334 687 nobis
356 623 434 687 iecit
457 622 499 686 de
520 621 599 686 uilla
619 623 662 686 de
685 622 882 688 Cestertone
906 621 1125 699 confirmauit,
1147 622 1250 686 eccle-

140 727 226 791 siam
241 728 348 791 sancti
371 728 459 792 Petri
475 728 766 794 Westmonasterii
785 727 975 810 sumptibus
991 728 1059 791 suis
1075 726 1250 792 fabricauit

141 829 224 893 mire
240 831 480 913 magnitudinis
496 840 530 894 et
545 829 815 913 incomparabilis
831 829 1096 913 pulchritudinis.

207 932 370 1010 Tandem,
400 933 582 1017 instigante
611 933 756 1010 diabolo
785 942 860 997 orta
889 942 940 997 est
970 934 1135 998 discordia
1166 934 1252 997 inter

140 1038 250 1120 ipsum
277 1048 312 1104 et
342 1038 489 1102 Baiones
518 1058 606 1114 suoS,
633 1038 766 1104 Comite
797 1037 999 1121 Leycestrie,
1027 1037 1178 1121 Symone
1208 1039 1251 1102 de

141 1148 258 1203 monte
283 1138 369 1216 sorti,
391 1140 577 1204 exercitum
603 1149 720 1204 contra
744 1140 873 1222 Regem
897 1150 1131 1223 congregante,
1153 1139 1250 1217 vnde,

142 1244 255 1308 multis
278 1244 455 1327 utrobique
475 1242 696 1324 intersectis,
686 1264 719 1307 m
740 1242 831 1308 bello
851 1246 895 1308 de
916 1242 1048 1309 Leaws¹
1063 1255 1182 1330 captus
1199 1255 1250 1310 est
1265 1262 1372 1363 {grege
1335 1263 1385 1305 or

144 1351 231 1428 Rex,
250 1360 284 1415 et
308 1350 408 1415 irater
428 1352 499 1415 eius
524 1350 716 1414 Ricardus
710 1371 770 1414 rex
795 1350 1034 1416 Romanorum.
1082 1351 1182 1416 Multi
1205 1372 1249 1415 ex
1265 1345 1368 1415 uNr'

142 1465 237 1537 parte
268 1455 373 1537 Regis
402 1454 556 1518 uidentes
585 1464 745 1519 euentum
776 1456 823 1519 rei
854 1454 1017 1539 sugerunt
1064 1455 1132 1521 Sed
1159 1416 1313 1540 apudffir

144 1559 386 1637 Norhamtone‚
401 1568 435 1624 et
456 1560 488 1622 in
511 1558 599 1623 bello
619 1561 664 1624 de
683 1559 879 1636 Cesterseld,
894 1561 950 1643 qui
971 1568 1067 1625 erant
1087 1581 1132 1624 ex
1155 1571 1251 1644 parte

145 1663 248 1746 Regis
269 1664 412 1728 uictores
432 1662 574 1739 suerunt,
589 1672 624 1727 et
645 1664 678 1727 in
697 1663 818 1727 ultimo
840 1662 938 1740 bello,
953 1664 1043 1747 quod
1065 1674 1137 1728 erat
1159 1663 1249 1747 apud
1265 1652 1303 1742 ξ·
1288 1650 1400 1751 ,fflffi

144 1768 324 1843 Euesham,
348 1768 478 1853 Symon
505 1769 548 1832 de
575 1778 690 1833 monte
717 1768 792 1833 sorti
820 1768 1013 1834 interfectus
1037 1778 1098 1834 est.
1153 1753 1348 1834 Tunc⁴⁴¹¹¹¹¹
1343 1753 1414 1803 '¹²⁶⁵'

140 1871 274 1937 obsedit
310 1872 387 1937 Rex
423 1882 569 1938 castrum
605 1874 648 1937 de
684 1872 900 1950 Kenilwrthe,
937 1881 971 1937 et
1009 1873 1173 1937 Henricus
1207 1873 1299 1937 de
1263 1881 1372 1973 ξςῇιο
1334 1879 1386 1922 66

145 1977 339 2060 Hastinges,
365 1977 422 2059 qui
449 1977 587 2041 interius
612 1986 693 2054 erat,
718 1986 796 2061 post
824 1976 941 2060 longas
968 1998 1079 2041 moras
1105 1977 1306 2073 reddidit
1263 1982 1344 2023 ’66666

141 2088 287 2143 castrum
316 2078 412 2163 Regi,
434 2088 469 2144 et
494 2079 588 2144 salua
613 2080 702 2145 sacta
729 2089 781 2145 est
803 2080 915 2145 anima
937 2082 1016 2160 eius,
1039 2091 1072 2145 et
1099 2082 1248 2145 omnium
1265 2082 1325 2125 666·
1336 2084 1393 2125 ”65

140 2183 198 2267 qui
213 2193 309 2248 erant
327 2203 404 2248 curn
419 2204 468 2247 eo.
515 2183 682 2248 Dominus
702 2184 809 2248 eciam
830 2185 907 2248 Rex
924 2184 1129 2249 Eadwardus
1146 2183 1250 2267 Regis

140 2287 384 2371 primogenitus
413 2287 546 2352 obsedit
576 2288 719 2353 insulam
751 2286 957 2371 Elyensem',
983 2299 1018 2353 et
1043 2288 1166 2352 milites
1192 2289 1249 2371 qui
1263 2295 1376 2337 666666
1386 2293 1414 2336 of

1265 2346 1366 2397 Elysur

141 2393 231 2457 intus
250 2401 345 2457 erant
368 2390 498 2456 aditum
518 2392 549 2456 ei
570 2402 813 2467 concesserunt,
830 2392 968 2457 salua
939 2412 987 2457 ers
1003 2392 1080 2469 uita,
1097 2401 1132 2457 et
1147 2412 1251 2457 mem·
1264 2396 1345 2489 ‘253⁶
1340 2358 1399 2497 ’ΞΝ

141 2496 209 2560 bris
224 2505 259 2561 et
273 2495 417 2575 catallis3
439 2505 473 2561 et
488 2499 535 2561 sic
549 2506 667 2581 postea
682 2506 753 2563 erat
768 2518 838 2581 pax
854 2498 887 2561 in
905 2506 999 2563 terra.
1043 2496 1121 2562 Rex
1137 2506 1249 2562 autem
1264 2497 1365 2599 ¹2⁰¹N

143 2599 233 2665 bone
258 2601 419 2665 memorie
443 2601 610 2668 Henricus
632 2622 723 2667 anno
745 2603 839 2685 regni
862 2602 913 2665 sui
937 2601 1024 2685 .lvij⁰.
1047 2601 1251 2667 obdormiuit
1265 2614 1393 2717 neauolr

143 2705 176 2768 in
201 2705 348 2784 domino,
363 2714 398 2770 et
417 2704 568 2789 sepultus
590 2715 641 2770 est
663 2705 753 2788 apud
776 2705 1113 2771 westmonasterium
1137 2726 1249 2770 coram
1265 2678 1363 2758 ¹⁶Nv·

142 2828 267 2892 magno
300 2808 398 2874 altari
427 2830 503 2874 cum
533 2810 660 2875 honore
692 2830 818 2895 magno
848 2811 933 2876 sicut
962 2810 1084 2895 dignus
1114 2820 1185 2875 erat
1216 2812 1248 2875 in
1264 2774 1362 2857 lilim
1364 2816 1414 2860 ‘⁸¹

1263 2866 1384 2909 aes-twa

142 2912 314 2977 ecclesia
304 2933 378 2998 ipsa
398 2934 501 2997 quam
525 2914 611 2981 iecit
658 2914 893 2999 Requiescat
884 2934 918 2978 m
941 2934 1032 2998 pace.
1211 2956 1215 2965 ·
1263 2914 1376 3009 glffif

272 3194 322 3275 38.
367 3192 418 3257 De
439 3192 631 3258 Eadwardo
652 3193 741 3276 Rege
753 3193 832 3278 filio
853 3193 957 3277 Regir
979 3191 1124 3259 Henrici.

208 3380 285 3446 Rex
297 3380 505 3447 Eadwardus
518 3381 645 3446 filius
616 3402 687 3446 erus
698 3383 908 3459 successrter
920 3404 970 3447 ιιι
980 3391 1107 3447 stature
1119 3402 1320 3480 magnam,
1263 3354 1414 3438 66666666·

140 3484 271 3568 pollens
306 3485 441 3563 uiribus,
472 3485 633 3550 milicia
624 3487 772 3570 insignis,
803 3507 901 3551 sensu
933 3486 1125 3569 profundus.
1181 3439 1364 3592 Ηίεἴῗ-
1320 3550 1414 3593 ΠΜ

140 3588 276 3672 quidem
299 3588 434 3653 uiuente
454 3598 549 3672 patre
570 3590 739 3673 proiectus
760 3599 812 3654 est
827 3590 861 3653 in
877 3598 999 3653 terram
1016 3599 1177 3669 sanctam,
1192 3590 1278 3655 ubis·
1295 3613 1323 3650 ιι

141 3702 222 3756 nata
247 3702 298 3757 est
325 3691 401 3772 filia,
428 3693 554 3757 scilicet
579 3692 735 3777 Johanna
761 3694 804 3757 de
831 3693 928 3771 Aere,
950 3714 1051 3777 quam
1080 3688 1313 3781 Gilbertusffl:
1306 3739 1366 3781 „de

142 3817 255 3861 comes
279 3796 458 3861 Glouemie
481 3807 599 3881 postea
621 3798 752 3863 duxit
743 3818 776 3861 m
800 3819 949 3863 vxorem.
1263 3798 1396 3843 ¹²⁷⁰·¹²⁷²·

208 3900 344 3967 Mortuo
376 3902 470 3987 Rege
503 3904 652 3969 Henrico
681 3912 716 3968 et
751 3902 892 3987 sepulto,
923 3904 1037 3969 statim
1073 3904 1250 3969 currebant

140 4002 256 4067 breuia
280 4004 384 4087 Regis
407 4003 595 4079 Eadwardi,
612 4026 689 4069 cum
713 4004 824 4069 adhuc
847 4013 935 4069 esset
958 4005 991 4069 in
1015 4016 1102 4071 terra
1125 4017 1250 4082 sancta,

139 4114 174 4169 et
190 4105 377 4172 habebatur
396 4129 458 4191 pro
479 4110 574 4192 Rege
595 4108 730 4192 Anglie.
777 4109 925 4174 Rediens
946 4120 1059 4175 autem
1079 4130 1138 4195 per
1152 4112 1249 4175 Was·

139 4209 272 4273 coniam
300 4219 333 4274 et
358 4232 418 4294 per
444 4210 594 4276 diuersas
619 4214 781 4295 regiones,
803 4210 983 4277 honorifice
1007 4214 1185 4297 suscipitur
1207 4213 1250 4278 ab

400 4388 411 4421 ¹
427 4389 491 4439 'l'bis
500 4390 572 4441 word
582 4398 649 4442 must
660 4390 693 4440 be
703 4390 823 4441 intended
834 4390 874 4441 ior
885 4391 981 4441 Lewea

402 4467 414 4500 ¹
430 4468 554 4535 Elymais,
565 4469 625 4521 MS.
