3192 5067
132 365 206 464 v11]
410 366 448 440 Τ
442 374 573 442 enanis
597 365 638 440 in
674 365 940 465 erz'ttlesford
1164 389 1235 460 313

197 549 372 634 Philippus
390 552 433 615 de
449 550 660 633 Scyreburne
674 559 767 615 tenet
782 551 816 614 in
836 550 1046 616 Holmesield
1064 551 1127 634 iiij.
1144 570 1237 613 acras

131 665 218 718 terre
245 656 390 720 iacentes
417 655 502 720 inter
533 665 654 720 terram
687 656 826 720 Roberti
854 656 885 720 le
912 655 1066 740 Gigelere
1092 665 1127 718 et
1153 655 1238 718 inter

131 768 252 824 terram
283 779 348 843 que
376 769 516 824 vocatur
545 759 743 838 Grenedich,
769 769 803 824 et
833 760 990 825 abuttant
1019 780 1119 844 super
1150 758 1237 823 Mid-

131 864 288 930 delmore.
334 864 429 930 Idem
460 873 553 930 tenet
579 864 630 948 .vj.
656 886 751 932 acras
780 875 866 930 terre
897 866 930 929 in
961 866 1080 931 eodem
1107 883 1238 948 camp0‚

131 968 217 1034 inter
247 980 368 1035 terram
399 970 594 1054 Baldewyni
630 971 673 1035 de
709 971 856 1054 Romely
885 981 919 1036 et
955 981 1076 1037 terram
1107 970 1238 1034 Thome

131 1080 311 1165 carectarij,
338 1090 372 1145 et
397 1081 555 1146 abuttant
582 1103 681 1165 super
710 1091 832 1147 terram
861 1083 1056 1165 Baldewyni
1084 1081 1237 1165 Dakeny.

134 1183 229 1248 Idem
252 1194 344 1249 tenet
367 1184 395 1268 .j.
419 1206 530 1249 acram
554 1194 588 1249 et
610 1186 785 1250 dimidiam
811 1187 843 1251 in
867 1187 986 1251 eodem
1010 1207 1130 1270 campo
1153 1186 1239 1249 inter

131 1297 253 1352 terram
271 1289 348 1354 Ade
362 1290 394 1354 le
409 1289 559 1367 Chaneu,
572 1301 607 1356 et
622 1301 744 1355 terram
760 1291 911 1374 magistri
927 1291 1076 1368 Walteri,
1092 1302 1126 1355 et
1140 1290 1237 1355 abut-

131 1402 205 1458 tant
216 1415 315 1478 super
330 1404 452 1459 terram
468 1395 609 1479 predicti
625 1395 828 1478 Baldewyni.
869 1395 963 1460 idem
980 1404 1072 1459 tenet
1085 1394 1113 1478 .j.
1125 1414 1237 1458 acram

131 1508 216 1563 terre
239 1499 271 1562 in
294 1499 413 1564 eodem
441 1521 561 1583 campo
582 1521 682 1586 super
704 1501 886 1583 Waytehil,
904 1501 990 1565 inter
1012 1511 1132 1565 terram
1157 1499 1237 1563 dicti

132 1602 209 1666 Ade
225 1601 256 1666 le
271 1603 419 1680 Chaneu,
431 1611 465 1668 et
480 1613 602 1669 terram
620 1603 759 1668 Walteri
776 1604 1044 1686 Waynesheued,
1055 1614 1090 1669 et
1105 1604 1237 1669 abuttat

130 1722 231 1785 super
245 1712 367 1767 terram
384 1703 523 1786 predicti
540 1703 736 1787 Baldewyni
753 1703 908 1787 Dakeny.

705 1804 848 1872 Summa
861 1803 932 1888 .xij.
947 1824 1023 1869 acre
1040 1814 1073 1869 et
1088 1803 1236 1868 dimidia.

197 1907 292 1972 ldem
324 1907 497 1992 Philippus
526 1918 620 1974 tenet
647 1911 680 1973 in
708 1909 911 1976 Stonhilseld
938 1919 1006 1975 tres
1032 1930 1126 1974 acras
1149 1918 1236 1974 terre
1251 1922 1268 1972 t.
1286 1935 1330 1986 175

130 2011 217 2074 inter
236 2021 359 2076 terram
382 2013 553 2098 Radulphi
575 2014 618 2078 de
639 2013 862 2079 Dokeswrthe
880 2025 914 2078 et
934 2022 1056 2078 terram
1075 2011 1235 2076 Willelmi

130 2114 172 2177 de
197 2114 416 2193 Stachedene‚
431 2126 466 2181 et
486 2117 644 2182 abuttant
665 2127 903 2200 superterram
921 2116 1070 2201 magistri
1087 2115 1236 2180 Walteri.

132 2218 226 2282 Idem
249 2229 341 2285 tenet
361 2221 395 2283 in
416 2221 535 2286 eodem
557 2241 679 2306 campo
699 2221 740 2304 ij.
756 2243 850 2287 acras
871 2223 958 2287 inter
977 2233 1098 2286 terram
1116 2220 1235 2285 Balde·

129 2324 217 2405 wyni
246 2324 379 2388 Romeli
409 2336 443 2389 et
467 2335 591 2391 terram
623 2327 761 2391 Roberti
792 2326 825 2391 le
851 2326 993 2410 Gigeler‚
1020 2335 1054 2390 et
1080 2326 1236 2390 abuttant

128 2431 233 2493 vnder
253 2429 394 2494 Stonhil.
442 2431 536 2495 Idem
559 2440 653 2495 tenet
675 2432 709 2495 in
731 2430 851 2495 eodem
876 2449 997 2513 campo
1017 2429 1045 2511 .j.
1067 2450 1177 2493 acram
1202 2439 1236 2492 et

128 2531 157 2613 .j.
189 2531 305 2595 rodam
336 2542 431 2609 terre,
461 2534 547 2598 inter
575 2545 698 2599 terram
729 2534 863 2598 Thome
895 2533 1010 2598 Haket
1045 2543 1079 2598 et
1114 2543 1235 2596 terram

129 2634 261 2699 Thome
295 2637 338 2699 de
370 2635 487 2712 Morle,
516 2647 551 2700 et
580 2637 714 2702 abuttat
745 2658 845 2720 super
880 2648 1000 2701 terram
1032 2635 1172 2700 Walteri
1206 2634 1236 2698 le

131 2739 349 2822 Frankeieyn.
398 2741 492 2804 Idem
517 2750 609 2805 tenet
630 2763 668 2805 .v.
689 2763 783 2806 acras
806 2752 891 2806 terre
915 2743 947 2804 in
972 2740 1090 2804 eodem
1115 2761 1235 2823 campo

129 2845 215 2906 inter
245 2852 364 2906 terram
397 2845 528 2908 Thome
555 2847 599 2909 de
626 2844 733 2908 Morle
760 2855 794 2909 et
820 2855 940 2909 terram
971 2843 1164 2926 Baldewyni
1193 2844 1236 2908 de

130 2947 284 3028 Romely,
297 2958 331 3011 et
342 2949 477 3012 abuttat
488 2969 588 3032 super
599 2948 829 3013 Thenestrate.
865 2948 960 3012 idem
977 2958 1069 3012 tenet
1082 2947 1110 3030 .j.
1123 2969 1234 3012 acram

128 3062 161 3117 et
182 3052 357 3117 dimidiam
374 3053 461 3117 inter
475 3064 598 3118 terram
620 3052 784 3136 Stephani
801 3053 844 3117 de
862 3053 1013 3129 Hatield,
1028 3063 1062 3118 et
1079 3053 1235 3117 abuttant

127 3178 227 3240 super
253 3167 376 3221 terram
403 3179 552 3242 persone.
600 3159 693 3223 idem
718 3169 811 3223 tenet
834 3159 917 3223 duas
941 3181 1034 3223 acras
1057 3161 1090 3222 in
1116 3160 1233 3223 eodem

127 3285 249 3347 campo
265 3263 354 3346 apud
370 3263 638 3348 Longiurlonges
653 3265 740 3329 inter
752 3275 874 3328 terram
888 3264 1036 3346 magistri
1051 3263 1188 3328 Walteri
1201 3274 1235 3327 et

128 3378 250 3433 terram
276 3368 439 3452 Stephani
460 3369 491 3432 le
516 3368 737 3452 Frankeleyn,
758 3379 792 3432 et
813 3370 971 3434 abuttant
992 3390 1090 3452 super
1113 3379 1234 3433 terram

128 3472 267 3555 predicti
295 3472 445 3537 Walteri.
493 3472 586 3537 Idem
615 3483 707 3538 tenet
734 3472 797 3556 .vij.
825 3494 918 3538 acras
942 3484 1027 3538 terre
1055 3474 1087 3536 in
1115 3476 1234 3537 eodem

128 3591 248 3652 campo
272 3573 357 3634 inter
377 3583 499 3636 terram
525 3573 675 3655 magistri
699 3573 839 3638 Walteri
862 3585 896 3638 et
919 3584 1039 3637 terram
1064 3575 1234 3656 quondam

126 3675 290 3758 Johannis
311 3675 354 3740 de
376 3675 528 3753 Hatseld,
543 3686 577 3740 et
598 3678 757 3742 abuttant
777 3700 877 3762 super
897 3688 1018 3742 terram
1042 3678 1172 3742 Thome
1193 3679 1235 3742 de

128 3781 244 3845 Morle.
289 3781 383 3846 idem
401 3791 492 3846 tenet
509 3781 538 3865 .j.
555 3803 667 3846 acram
683 3792 769 3846 terre
785 3793 819 3848 et
834 3783 862 3866 .j.
880 3783 994 3846 rodam
1012 3784 1097 3847 inter
1113 3793 1233 3848 terram

128 3885 205 3948 Ade
227 3883 258 3948 le
278 3884 417 3949 Chaneu
438 3893 473 3949 et
493 3895 614 3950 terram
637 3885 833 3970 Baldewyni
857 3887 1011 3970 Dakeny,
1027 3898 1061 3951 et
1077 3888 1235 3952 abuttant

126 4008 227 4069 super
242 3997 364 4052 terram
381 3988 552 4070 quondam
569 3989 702 4054 Thome
719 3990 876 4055 Attehaz.

470 4092 613 4158 Summa
628 4093 734 4177 xxiij.
750 4115 827 4158 acre
842 4103 877 4159 et
892 4093 1032 4159 dimidia
1048 4105 1081 4159 et
1097 4094 1125 4177 .j.
1143 4096 1232 4160 roda.

193 4195 290 4260 Idem
308 4195 482 4280 Philippus
498 4207 590 4262 tenet
606 4199 640 4261 in
657 4198 825 4283 Brigeieid
843 4199 870 4282 .j.
887 4220 997 4263 acram
1011 4210 1045 4265 et
1056 4200 1231 4266 dimidiam

125 4311 160 4365 et
186 4299 215 4383 .j.
242 4300 358 4363 rodam
389 4301 476 4365 inter
502 4312 623 4366 terram
650 4304 864 4387 preceptoris,
890 4312 925 4368 et
950 4304 1108 4369 abuttant
1133 4326 1234 4388 super

125 4415 246 4470 terram
272 4403 476 4488 Baldewyni.
523 4406 618 4470 Idem
642 4415 736 4471 tenet
758 4427 859 4471 vnam
884 4427 994 4471 acram
1019 4418 1104 4471 terre
1128 4420 1161 4472 et
1184 4409 1233 4473 di-

126 4509 263 4573 midiam
286 4509 319 4572 in
341 4508 461 4573 eodem
481 4529 611 4592 campo,
632 4510 718 4575 inter
739 4520 861 4576 terram
881 4510 1021 4576 Walteri
1045 4511 1232 4578 Mortelake
