3192 5067
152 348 216 449 111]
368 350 488 425 Land
507 350 666 425 claimed
686 353 731 450 by
755 352 887 450 Agnes
913 353 1043 427 Morel
1191 372 1257 444 105

151 548 205 602 est
219 539 309 622 quod
326 558 401 602 cum
418 559 508 602 anno
520 540 612 623 regni
630 540 733 623 Regis
748 539 886 605 Henrici
903 540 960 624 filij
980 540 1082 623 Regis
1097 539 1260 624 Johannis
1274 560 1326 603 rue
1336 571 1393 603 me

151 642 230 725 ‚liije
261 644 295 705 in
326 644 471 707 crastino
503 645 720 709 Assencionis
750 646 927 723 dominice,
958 645 1112 710 videlicet
1143 645 1176 707 in
1206 644 1260 707 die
1273 612 1424 711 liirll‘iu

154 748 367 811 lnuencionis
389 748 513 814 Sancte
535 748 660 825 Crucis,
676 748 765 812 lacta
785 749 848 813 luit
869 750 1044 833 inquisicio
1064 748 1155 832 apud
1173 748 1259 813 Can·
1273 710 1392 854 ilindfgdi

151 851 328 932 tebrigiam
349 871 460 915 coram
483 851 622 915 domino
641 852 796 935 Johanne
818 853 849 917 le
871 853 998 936 Moyne
1019 864 1098 917 tunc
1123 852 1260 915 Domini
1271 812 1419 965 ffigffi

153 954 257 1037 Regis
279 955 481 1020 exchaetore
504 957 587 1020 citra
610 956 782 1031 Trentam,
797 976 856 1039 per
879 957 980 1021 breue
1003 956 1132 1020 domini
1157 956 1260 1038 Regis

152 1059 215 1122 sibi
243 1060 414 1136 directum,
441 1080 502 1142 pro
527 1059 674 1142 quadam
702 1059 839 1123 muliere
867 1061 955 1123 dicta
981 1059 1118 1142 Agneta
1145 1058 1261 1137 Morel,

152 1162 220 1227 alio
246 1164 381 1228 nomine
412 1163 574 1248 Noteling
600 1165 783 1239 nominata,
812 1184 911 1247 super
936 1164 1068 1227 duobus
1095 1163 1260 1227 articulis:

153 1276 262 1331 vtrum
275 1267 429 1332 videlicet
446 1268 538 1332 Prior
553 1277 587 1331 et
605 1267 801 1332 Conuentus
813 1269 855 1331 de
868 1267 1070 1332 Bernewelle
1085 1266 1261 1332 dimidium

153 1370 242 1436 leodi
265 1372 362 1435 unius
383 1372 499 1435 militis
520 1381 672 1435 tenerent
696 1372 730 1434 in
753 1373 864 1453 capite
885 1371 928 1434 de
949 1373 1088 1436 domino
1111 1371 1205 1455 Rege
1228 1372 1261 1435 ln

155 1475 373 1558 Maddingele
399 1476 484 1539 sicut
511 1476 584 1560 ipsa
610 1476 784 1539 consilium
813 1475 940 1538 domini
970 1475 1074 1558 Regis
1105 1474 1182 1540 lecit
1213 1476 1261 1539 in·

152 1579 322 1662 telligere;
352 1590 387 1644 et
416 1590 526 1645 vtrum
559 1581 727 1644 Robertus
759 1578 867 1643 Morel
897 1581 954 1664 qui
986 1579 1048 1645 suit
1077 1580 1261 1643 auunculus

152 1685 242 1750 dicte
270 1686 414 1769 Agnetis
441 1697 564 1751 terram
591 1685 684 1749 illam
714 1704 772 1748 seu
799 1694 1029 1749 tenementum
1056 1686 1099 1749 ad
1131 1683 1259 1748 firmam

153 1791 280 1854 dimisit
295 1790 393 1855 dictis
411 1791 513 1855 Priori
529 1800 564 1854 et
580 1791 770 1855 Conuentui
786 1789 830 1852 ad
847 1790 1026 1853 terminum
1038 1790 1095 1872 qui
1111 1788 1261 1873 preterijt

152 1916 248 1960 .xxx.
269 1896 366 1959 annis
389 1895 520 1979 elapsis,
540 1896 626 1958 sicut
645 1895 718 1977 ipsa
736 1894 878 1969 dicebat,
894 1892 946 1957 vel
966 1914 1126 1977 umquam
1147 1894 1208 1957 luit
1227 1894 1260 1957 in

152 2020 302 2083 saysyna
317 1999 405 2063 illius
421 2008 516 2063 terre.

219 2104 275 2167 Ad
292 2125 377 2187 quos
394 2102 551 2167 articulos
568 2122 763 2185 responsum
781 2101 844 2165 suit
860 2122 918 2185 per
933 2103 1103 2180 iuratores,
1119 2123 1260 2186 quorum

154 2208 291 2272 nomina
311 2209 498 2291 subscripta
518 2218 607 2285 sunt,
621 2209 712 2290 quod
734 2227 905 2290 nunquam
927 2215 1156 2271 tenementum
1178 2207 1259 2271 illud

153 2312 283 2395 dequo
304 2312 392 2377 lacta
412 2322 463 2375 est
484 2312 615 2375 mencio
635 2312 669 2374 in
690 2311 800 2394 capite
820 2308 876 2375 de'
894 2312 1032 2375 domino
1055 2310 1148 2394 Rege
1169 2321 1259 2375 tene·

153 2418 259 2495 batur,
275 2438 336 2481 nec
356 2418 466 2482 dictus
488 2418 657 2481 Robertus
678 2419 786 2482 Morel
808 2419 850 2482 ad
873 2417 1002 2482 firmam
1025 2428 1146 2482 terram
1169 2418 1259 2481 illam

153 2522 289 2599 dimisit,
311 2542 372 2585 nec
399 2524 515 2599 tenuit,
542 2544 603 2586 nec
630 2524 798 2604 saysinam
826 2522 953 2599 habuit,
979 2523 1143 2586 addentes
1169 2524 1259 2606 quod

153 2627 216 2690 hoc
237 2630 405 2692 sciuerunt
426 2649 484 2712 per
505 2630 588 2692 hoc:
612 2629 767 2712 Quedam
790 2628 915 2692 Basilia
932 2628 1049 2703 Morel,
1064 2639 1097 2692 et
1118 2628 1186 2691 duo
1201 2627 1259 2711 filij

153 2732 224 2795 eius
246 2733 413 2798 Robertus
435 2744 469 2798 et
492 2734 605 2816 Hugo,
622 2744 656 2797 et
677 2732 807 2817 Quena,
823 2743 974 2817 tempore
999 2734 1102 2817 Regis
1126 2734 1260 2798 Ricardi

152 2857 242 2901 anno
272 2838 333 2921 .vj⁰.
365 2839 466 2902 breue
496 2839 624 2903 domini
657 2839 760 2921 Regis
791 2841 834 2901 de
870 2848 977 2903 morte
1012 2848 1260 2903 antecessorum

153 2951 372 3025 portauerunt
398 2963 497 3026 super
523 2942 669 3005 Priorem
696 2955 731 3007 et
754 2942 968 3008 Conuentum
993 2942 1035 3007 de
1060 2943 1261 3007 Bernewelle

153 3046 279 3110 dictam
300 3057 422 3111 terram
445 3057 524 3110 tunc
545 3054 697 3129 tempore
718 3056 881 3122 tenentes,
895 3057 930 3110 et
951 3047 1041 3130 quod
1058 3046 1165 3111 finalis
1181 3066 1259 3110 con·

153 3151 267 3215 cordia
279 3150 367 3215 lacta
377 3151 440 3215 fuit
449 3152 569 3215 eodem
583 3150 759 3235 [tempore]
772 3152 858 3215 inter
871 3153 960 3234 ipsos
971 3151 1155 3216 secundum
1168 3150 1258 3235 quod

154 3253 345 3337 plenissime
366 3255 555 3319 continetur
577 3256 610 3318 in
632 3256 842 3339 cyrographo
858 3257 944 3319 inter
959 3276 1016 3320 eos
1032 3276 1131 3340 super
1146 3256 1209 3319 hoc
1226 3255 1258 3319 in

152 3359 271 3421 eadem
293 3360 383 3421 curia
404 3360 533 3423 domini
556 3360 659 3441 Regis
675 3358 837 3433 conlecto,
854 3361 901 3423 ita
916 3361 1006 3443 quod
1022 3359 1113 3423 dicta
1130 3359 1260 3436 Basilia,

154 3461 331 3538 Robertus,
353 3463 457 3547 Hugo
480 3474 515 3528 et
538 3463 666 3546 Quone,
689 3463 790 3527 nichil
811 3463 894 3546 juris
918 3464 950 3525 in
975 3464 1065 3527 dicta
1087 3472 1174 3527 terra
1196 3462 1259 3527 sibi

153 3574 311 3648 poterunt
331 3567 563 3650 inperpetuum
586 3566 771 3631 uendicare.
819 3566 966 3630 Nomina
988 3566 1173 3648 juratorum
1199 3568 1261 3630 hec

153 3680 250 3734 sunt:
271 3671 428 3735 dominus
453 3671 622 3735 Robertus
646 3673 689 3735 de
710 3672 878 3737 Conitone
899 3672 1002 3749 miles,
1021 3671 1192 3754 Johannes
1218 3670 1260 3734 de
1274 3678 1361 3743 1481>

154 3773 318 3857 Drayton‚
336 3775 499 3839 Ricardus
516 3776 643 3858 Aubyn
665 3776 707 3839 de
728 3778 858 3852 eadem,
875 3775 1043 3839 Henricus
1064 3775 1196 3841 Catelin
1218 3776 1261 3839 de

153 3880 281 3956 eadem,
307 3880 496 3945 Willelmus
522 3882 668 3946 Wombe
694 3879 737 3945 de
766 3880 895 3959 eadem,
921 3880 1091 3963 Johannes
1115 3880 1262 3963 Gynant,

156 3984 322 4049 Henricus
346 3984 486 4061 Stibbel,
513 3985 703 4049 Willelmus
727 3986 814 4061 Prat,
838 3986 990 4067 Rogerus
1017 3985 1059 4049 de
1087 3984 1261 4063 Stantone,

154 4086 268 4153 Adam
294 4089 391 4172 Leyr,
414 4089 586 4173 Johannes
608 4090 651 4153 de
675 4090 850 4167 Grancete,
876 4090 1039 4154 Ricardus
1064 4090 1261 4167 Belebuche,

154 4192 271 4255 Petrus
288 4192 319 4257 le
336 4193 440 4270 Clerc,
456 4193 628 4277 Johannes
648 4194 859 4270 Gotobedde,
874 4194 1045 4277 Johannes
1066 4196 1109 4258 de
1128 4196 1259 4262 Howes.

632 4360 641 4393 ¹
660 4364 693 4424 in,
714 4364 770 4415 MS.
