3192 5067
120 362 196 462 vu]
448 360 486 434 T
479 364 612 436 erranti
637 361 678 434 in
705 357 907 434 Bamwell
1159 377 1232 449 319

180 550 226 604 De
238 547 356 603 domino
368 547 474 617 Egidio
487 545 523 602 dc
535 546 723 616 Trumpitoue
735 555 763 601 et
777 561 828 615 pro
841 541 978 600 Grettone
1176 559 1234 596 .x.s.

181 638 227 691 De
238 652 324 691 uxore
335 633 471 689 Willelmi
486 634 589 689 Heued
602 634 638 689 de
653 633 789 689 lierdwik
1161 628 1233 682 .xld.

181 724 226 777 De
238 737 324 776 uxore
336 723 359 792 J.
374 720 410 776 de
425 720 542 776 Ristone
555 719 584 775 in
599 720 745 774 Hokitone
1147 713 1234 784 .viij.s.

182 810 227 863 De
239 825 325 862 vxore
336 808 363 861 le
377 808 437 861 Rus
450 807 486 861 de
498 805 600 861 eadem
1068 803 1135 858 dim.
1150 818 1234 855 marc.

181 899 227 952 De
241 894 369 950 Galfrido
380 895 484 950 clerico
496 894 533 949 de
544 894 645 949 eadem
1082 891 1125 945 .xl.
1139 889 1235 944 denar.

182 985 228 1038 De
239 998 325 1037 uxore
338 983 450 1037 Mathei
461 981 498 1036 de
510 981 612 1037 eadem
1082 978 1125 1031 .xl.
1139 977 1235 1032 denar.

185 1072 230 1126 De
242 1079 406 1125 tenemento
419 1069 504 1140 Sprot
517 1069 546 1122 in
559 1067 627 1122 Toit
1010 1064 1079 1134 ,iij.s.
1093 1083 1126 1118 .x.
1140 1063 1236 1118 denar.

183 1162 230 1215 De
242 1159 335 1214 Alano
349 1159 385 1213 de
399 1159 496 1212 Bouns
509 1157 538 1211 in
553 1156 730 1226 Kingestone
1168 1152 1236 1223 ‚iij.s.

185 1250 230 1302 De
241 1247 405 1302 Alexandro
418 1246 518 1300 Rubeo
531 1244 568 1299 de
581 1244 765 1299 Eueresdone
1143 1239 1237 1310 .viij.d.

185 1339 230 1392 De
242 1336 385 1408 Wynepol
1113 1329 1173 1383 .xxi.
1188 1327 1237 1382 sol.

185 1426 230 1479 De
243 1423 362 1477 Warino
376 1422 523 1477 Merueille
535 1421 571 1476 de
586 1419 739 1474 Barintone
1106 1417 1161 1487 .xij.
1175 1417 1238 1472 den.

185 1513 230 1567 De
245 1513 369 1580 Hugone
383 1508 514 1564 Herberd
526 1509 562 1564 de
577 1507 763 1562 Meldeburne
1097 1505 1144 1575 iij.
1159 1505 1239 1560 solid.

185 1600 231 1654 De
245 1599 319 1666 Elya
332 1598 417 1653 Burel
430 1597 467 1651 de
480 1596 654 1666 Scheprethe
1107 1593 1161 1662 .xij.
1175 1593 1239 1648 den.

186 1684 232 1737 De
244 1681 418 1750 Wytlessord
1093 1696 1145 1732 .xrc
1159 1677 1239 1732 solid.

186 1774 232 1827 De
244 1782 330 1844 ponte
343 1772 379 1825 de
391 1770 493 1825 eadem
1056 1766 1129 1836 .xiiij.
1144 1767 1239 1822 denar.

188 1863 233 1916 De
245 1862 376 1932 Johanne
389 1859 536 1928 Godwyne
549 1857 584 1912 de
597 1848 802 1912 Theuerisham
1076 1855 1130 1925 .xij.
1144 1855 1239 1910 denar.

186 1952 232 2006 De
245 1951 336 2006 Alicia
351 1950 432 2004 Prich
446 1949 482 2004 de
494 1948 595 2003 eadem
1109 1945 1145 2015 .ij.
1159 1943 1239 1998 solid.

186 2040 233 2094 De
247 2038 344 2092 Priore
356 2037 393 2092 de
404 2035 583 2105 Anglesheye
1105 2032 1142 2102 .ij.
1155 2031 1237 2087 solid.

188 2126 233 2180 De
245 2123 362 2180 domino
374 2125 399 2194 J.
413 2123 450 2178 de
464 2121 597 2178 Scalariis
610 2123 646 2177 de
659 2122 784 2177 Cheuele
1096 2139 1146 2174 .xrc
1160 2118 1240 2175 solid.

418 2348 467 2413 29
513 2329 721 2414 [Bcrnewclle
741 2328 963 2413 (Bamwell).]

201 2477 345 2563 [Omnes
367 2477 421 2540 isti
444 2477 621 2560 subscripti
643 2487 721 2540 sunt
743 2485 897 2542 tenentes
913 2477 1035 2541 Prioris
1052 2478 1084 2541 in
1100 2477 1180 2541 villa
1200 2477 1243 2541 de
1255 2487 1273 2538 t.
1290 2489 1336 2552 178

136 2581 338 2648 Bernewelle
349 2602 439 2646 anno
450 2583 543 2665 regni
558 2577 661 2664 Regis
674 2580 861 2666 E[dwardi]
871 2581 928 2665 filij
941 2582 1044 2666 Regis
1058 2581 1243 2666 E[dwardi]
1257 2601 1385 2642 mrum

136 2685 263 2771 tercio]

190 2805 345 2880 [Redditus
358 2806 387 2863 in
399 2807 467 2862 villa
479 2808 515 2862 de
527 2805 699 2864 Bernewelle
711 2818 739 2863 et
752 2808 788 2863 de
800 2804 1065 2880 reparacionibus¹.]

202 2910 375 2993 johannes
392 2911 512 2974 Russe'l
529 2920 622 2975 tenet
637 2931 740 2975 vnum
757 2911 966 2996 mesuagium
984 2932 1061 2977 cum
1080 2910 1195 2990 crofta,
1211 2921 1244 2978 et

140 3016 249 3081 reddit
280 3036 340 3099 per
369 3036 494 3080 annum
526 3016 569 3099 ij.
597 3016 722 3080 solidos
748 3015 778 3100 .j.
805 3037 968 3100 caponem
1001 3017 1030 3101 .j.
1061 3019 1244 3101 precariam

138 3122 244 3208 [quod
260 3142 349 3186 nunc
365 3131 458 3186 tenet
474 3120 642 3204 Margeria
658 3120 825 3205 Lordes]¹.

207 3226 373 3291 Henricus
396 3225 439 3289 de
462 3224 704 3289 Theuerisharn
728 3234 821 3289 tenet
842 3245 945 3290 vnum
969 3227 1178 3310 mesuagium
1202 3227 1245 3292 ad

140 3331 250 3415 capud
276 3329 354 3394 ville
377 3349 491 3393 versus
515 3329 754 3414 Steresbrogge
779 3339 814 3394 et
839 3330 949 3395 reddit
975 3331 1016 3414 ij.
1043 3331 1168 3396 solidos
1195 3331 1246 3415 .vj.

143 3435 308 3500 denarios.

209 3537 377 3603 Robertus
404 3536 435 3602 le
458 3535 561 3602 iulere
586 3546 681 3602 tenet
703 3557 807 3600 vnum
835 3539 1043 3624 mesuagium
1066 3539 1157 3622 quod
1186 3537 1248 3604 suit

145 3641 247 3707 Alani
268 3641 299 3705 le
319 3640 453 3718 stabler,
473 3651 508 3704 ct
531 3641 641 3705 reddit
661 3661 721 3723 per
742 3661 868 3706 annum
889 3641 941 3724 ,vj.
962 3643 1116 3708 denarios
1141 3643 1170 3727 .j.
1194 3663 1247 3709 ca·

58 3775 62 3780 -
143 3765 266 3830 ponem
281 3754 314 3810 et
331 3745 373 3828 .ij.
390 3745 555 3828 precarias
567 3744 671 3829 [quod
685 3764 773 3808 nuuc
784 3755 878 3810 tenet
889 3745 1042 3829 Joachim
1055 3745 1142 3812 filius
1153 3747 1248 3831 eius].

208 3850 323 3915 Adam
347 3850 575 3934 carpentarius
596 3860 630 3915 et
654 3851 822 3915 Robertus
844 3850 1023 3916 Maniaunt
1042 3861 1158 3917 tenent
1180 3873 1248 3917 me-

143 3957 295 4040 suagium
325 3956 416 4040 quod
448 3955 511 4020 suit
541 3955 701 4019 Kokelini
731 3954 912 4040 carectarij,
941 3965 976 4020 et
1006 3955 1151 4022 reddunt
1180 3957 1248 4043 .xij.

143 4061 297 4127 denarios
312 4059 353 4142 .ij.
369 4080 515 4144 capones
531 4059 636 4144 [quod
649 4079 737 4123 nunc
748 4069 842 4124 tenet
858 4059 1026 4125 Robertus
1036 4060 1081 4125 de
1094 4061 1250 4126 Weltone

143 4163 344 4249 capellanus,
359 4183 465 4246 nepos
481 4162 624 4247 Prioris}

192 4302 201 4335 ¹
217 4301 311 4353 Added
322 4300 349 4352 in
359 4317 375 4351 a
386 4301 438 4352 late
448 4301 516 4352 hand
527 4301 558 4352 ol
565 4301 609 4353 the
623 4303 681 4368 rrtlr
693 4309 806 4368 century.

191 4384 281 4434 ’This
297 4385 348 4434 and
365 4384 409 4435 the
425 4383 555 4450 following
571 4393 643 4434 notes
659 4401 692 4434 on
710 4385 753 4435 the
769 4386 811 4435 list
828 4401 870 4435 are
886 4385 969 4435 added
987 4387 1021 4451 by
1036 4387 1079 4436 the
1096 4388 1177 4438 scribe
1194 4389 1251 4440 who

145 4478 223 4521 wrote
240 4469 361 4518 “Omnes
378 4465 557 4518 isti...tercio.'’
