3192 5067
148 330 196 431 11]
379 332 617 407 maintained
637 333 678 406 in
705 330 766 405 the
799 328 1016 427 University
1205 344 1252 417 95

148 549 197 614 39.
245 531 397 611 Qualiter
416 531 522 597 Prior
539 533 578 597 de
596 530 791 597 Bernewclle
803 530 881 613 suit
899 528 1002 593 dolose
1021 528 1257 593 circumuentus

282 646 347 719 per
370 637 608 703 cancellarium
641 636 874 703 Vniuersitatis
898 631 1110 717 Cantebrigt'e.

213 764 302 850 Qvia
317 765 448 847 magnis
459 773 494 828 et
505 764 712 848 sapientibus
724 764 804 827 uiris
816 763 924 826 uisum
938 772 990 826 est
1001 762 1092 845 quod
1107 760 1256 825 Ecclesia
1272 758 1339 800 ΗΜ
1348 755 1421 798 Μ

147 869 190 933 de
206 867 407 933 Bernewelie
419 871 598 933 enormiter
609 868 678 931 lesa
690 878 741 932 est
753 869 795 931 ad
809 866 1009 931 soluendum
1023 866 1255 949 inperpetuum
1270 812 1411 952 &iffi

147 975 321 1037 annuatim
332 994 374 1038 .x.
384 992 523 1048 marcas,
533 992 609 1035 cum
622 972 763 1054 pecunia
778 991 880 1054 quam
897 970 1049 1034 canonici
1066 977 1258 1053 receperant
1271 960 1419 1053 &mum

148 1076 233 1142 infra
253 1099 323 1142 nex.
344 1097 507 1141 annorum
531 1077 680 1158 spacium
708 1074 857 1140 totaliter
883 1072 944 1138 suit
971 1073 1051 1157 ipsis
1077 1071 1258 1157 capellanis
1271 1059 1390 1153 ἵξζῗῆηι

148 1182 266 1259 soluta,
296 1180 385 1245 vnde
420 1190 559 1263 accepto
594 1180 717 1243 saniori
752 1179 892 1243 consilio
929 1178 971 1242 ad
1010 1176 1257 1260 impetrandum
1358 1260 1364 1271 ·

152 1307 211 1369 per
233 1286 359 1349 curiam
381 1304 555 1348 romanam
579 1284 613 1347 in
636 1284 699 1347 hac
723 1292 819 1366 parte
842 1281 1026 1346 remedium
1050 1283 1259 1365 propositum
1272 1260 1394 1354 ζῑῖἇῗω

149 1389 212 1453 fuit
231 1388 322 1473 quod
344 1389 437 1452 Prior
458 1407 519 1452 nec
540 1387 660 1471 aliquis
681 1386 792 1471 potuit
813 1385 866 1450 uel
884 1385 1001 1450 debuit
1022 1384 1261 1469 dampnificare

149 1494 334 1558 ecclesiam.
381 1494 426 1557 Et
452 1493 516 1556 hoc
543 1492 718 1556 consilium
745 1492 899 1574 peruenit
925 1493 967 1554 ad
992 1511 1086 1554 aures
1111 1488 1260 1574 magistri

152 1595 332 1680 Stephani¹
359 1605 439 1660 tunc
470 1596 668 1662 Cancellarii
694 1595 921 1659 uniuersitatis
947 1594 1168 1677 Cantebrigie.
1216 1594 1262 1658 Et

153 1702 225 1785 ipse
242 1700 378 1785 quidem
401 1712 497 1766 caute
518 1722 621 1784 agens
642 1700 768 1764 leuauit
790 1701 890 1764 breue
910 1700 953 1763 de
972 1699 1144 1782 arreragiis
1164 1718 1262 1782 super

156 1806 302 1870 Priorem
315 1808 457 1870 duorum
470 1826 642 1882 annorum,
654 1815 688 1869 et
698 1815 811 1869 tamen
823 1803 923 1867 nichil
933 1802 1057 1869 debuit.
1096 1803 1262 1886 Verump·

156 1920 271 1975 tamen
306 1912 397 1974 Prior
434 1911 512 1974 inde
549 1910 743 1993 perterritus
780 1909 814 1972 in
849 1908 965 1972 itinere
999 1908 1261 1991 Justiciariorum

155 2014 245 2097 apud
277 2014 526 2096 Cantebrigiam
558 2016 672 2077 statim
703 2014 872 2077 consensit
902 2013 945 2075 ad
977 2010 1156 2075 leuandum
1185 2012 1263 2074 inde

155 2118 401 2202 cyrographum
423 2119 456 2181 in
479 2116 580 2181 Curia
602 2118 713 2200 Regis.
759 2116 806 2179 Et
826 2136 870 2179 ex
889 2136 956 2197 quo
972 2116 1075 2179 semel
1091 2115 1263 2191 concessit,

155 2222 309 2305 quamuis
351 2222 526 2285 consilium
569 2243 665 2285 suum
705 2222 925 2293 reclamasset,
964 2219 1181 2303 W[illelmus]
1220 2220 1264 2283 de

157 2324 283 2389 Saham
300 2335 380 2390 tunc
395 2324 602 2409 Justiciarius
617 2345 694 2389 eum
711 2324 872 2408 compulit
888 2322 930 2387 ad
944 2324 1124 2388 leuandum
1136 2325 1263 2387 dictum

157 2430 412 2513 cyrographum,
427 2430 521 2494 cuius
537 2442 632 2495 tenor
647 2430 724 2493 talis
739 2439 809 2493 est:

534 2617 585 2680 40.
632 2599 883 2683 Cyrographum.

212 2731 275 2784 Hec
301 2738 345 2784 est
374 2728 466 2783 finalis
490 2729 643 2783 concordia
666 2730 743 2785 iacta
766 2730 795 2784 in
822 2730 907 2784 Curia
933 2730 1049 2783 Domini
1077 2728 1164 2797 Regis
1188 2727 1264 2798 apud
1278 2739 1399 2783 tnennnt

158 2816 369 2887 Cantebrigiam
384 2833 403 2871 a
419 2816 466 2871 die
482 2816 573 2871 sancti
590 2817 729 2886 Johannis
746 2816 874 2887 Baptiste
891 2817 926 2871 in
936 2834 1023 2871 vnum
1041 2832 1175 2883 mensem,
1189 2833 1264 2871 anno
1278 2794 1422 2884 ffivfflt

157 2906 237 2975 regni
248 2905 335 2973 Regis
346 2903 498 2959 Eadwardi
508 2902 557 2957 filii
569 2903 656 2972 Regis
668 2904 785 2959 Henrici
795 2904 1017 2975 quartodecimo,
1026 2920 1122 2959 coram
1135 2905 1265 2975 Johanne
1278 2892 1428 2989 {ffifgm

157 2990 193 3045 de
217 2989 355 3057 Vaiiibus,
380 2988 523 3044 Wiileimo
551 2991 588 3045 de
618 2991 732 3058 Saham,
759 2991 873 3059 Rogero
903 2990 1044 3060 Loueday‚
1068 2991 1199 3060 Johanne
1229 2990 1265 3045 de
1279 3002 1370 3083 {am-¹

158 3078 345 3148 Metinghm,
364 3088 392 3132 et
414 3077 555 3132 Nicholao
577 3078 604 3132 le
625 3079 708 3145 Gras,
725 3076 895 3147 justiciariis
921 3076 1131 3146 itinerantibus,
1150 3088 1179 3135 et
1203 3078 1265 3132 aliis
1278 3091 1428 3145 <nos-nte).

157 3164 275 3219 Domini
289 3164 377 3233 Regis
388 3164 521 3219 fidelibus
533 3174 600 3220 tunc
611 3166 651 3220 ibi
661 3166 848 3235 presentibus,
859 3167 931 3220 inter
943 3166 1113 3236 Magistrum
1123 3168 1265 3222 Thomam

156 3252 192 3306 de
215 3250 355 3321 Skeming
377 3252 585 3306 cancellarium
605 3252 797 3308 vniuetsitatis
819 3252 1001 3321 Cantebrigie
1025 3262 1197 3324 querentem,
1216 3270 1266 3324 per

157 3338 327 3409 Magistrum
350 3339 446 3394 Adam
469 3340 506 3393 de
531 3340 643 3394 Fiixton
667 3339 791 3410 positum
816 3340 879 3394 ioco
901 3356 954 3394 suo
974 3342 1012 3395 ad
1033 3342 1200 3397 lucrandum
1221 3343 1266 3398 uel

155 3427 340 3499 perdendum,
353 3436 381 3482 et
401 3428 556 3496 symonem
575 3426 702 3482 Priorem
720 3427 756 3481 de
776 3426 957 3493 Berneweiie,
973 3428 1009 3482 de
1026 3430 1080 3483 hoc
1097 3430 1174 3501 quod
1190 3430 1267 3485 idem

157 3515 238 3569 Prior
253 3512 441 3569 summonitus
457 3513 511 3568 fuit
526 3514 564 3568 ad
576 3512 784 3568 ostendendum
796 3530 883 3585 quare
897 3514 1050 3569 cumidem
1065 3515 1144 3571 Prior
1156 3518 1267 3573 duobus

157 3598 350 3655 sacerdotibus
368 3600 398 3654 in
417 3599 560 3668 theologia
581 3598 610 3651 in
633 3596 813 3653 vniuersitate
836 3600 1017 3670 Cantebrigie
1039 3601 1218 3658 studentibus
1239 3614 1267 3659 et

157 3705 208 3760 pro
225 3688 322 3743 anima
336 3689 467 3759 Magistri
480 3687 614 3743 Wiileimi
627 3687 664 3743 de
678 3687 812 3742 Kilkenni
825 3688 970 3759 quondam
984 3690 1116 3757 Elyensis
1132 3690 1268 3762 Episcopi

157 3776 255 3831 diuina
277 3776 493 3845 celebrantibus,
519 3778 619 3831 decem
644 3792 755 3831 marcas
779 3778 817 3831 ad
846 3780 1085 3835 sustentationem
1113 3780 1268 3835 eorundem

158 3861 337 3917 sacerdotum
345 3860 463 3930 singulis
471 3860 553 3916 annis
563 3861 723 3931 persoluere
732 3862 843 3930 debeat,
850 3874 879 3918 et
890 3864 950 3935 ipse
959 3874 987 3918 et
997 3864 1114 3933 Jolanus
1123 3866 1268 3935 quondam

160 3946 241 4003 Prior
264 3948 300 4001 de
322 3948 495 4004 Bernewelie
516 3947 700 4019 predecessor
721 3964 789 4004 suus
810 3951 970 4020 persoluere
992 3963 1197 4007 consueuerunt
1218 3969 1269 4024 per

158 4046 267 4089 cartam
288 4033 376 4105 ipsius
397 4034 490 4104 Joiani
512 4047 540 4090 et
562 4035 606 4090 sui
625 4036 791 4092 Conuentus
809 4054 895 4108 quam
914 4037 1057 4110 predictus
1076 4040 1268 4096 cancellarius

161 4122 227 4177 inde
241 4120 411 4193 habet-qui
427 4123 542 4194 quidem
558 4123 721 4178 sacerdotes
735 4140 785 4195 per
799 4125 957 4195 predictum
972 4126 1096 4182 Priorem
1108 4138 1137 4182 et
1151 4128 1267 4184 Cancel·
1282 4129 1299 4180 i.
1320 4129 1379 4193 34b

160 4209 263 4263 larium
274 4208 466 4264 uniuersitatis
476 4207 599 4280 predicte
610 4210 658 4280 qui
668 4226 719 4279 pro
729 4220 857 4281 tempore
866 4212 968 4267 suerint
977 4213 1083 4268 debent
1091 4214 1268 4284 prouideri—

163 4296 306 4367 predictus
323 4296 404 4351 Prior
419 4297 530 4352 duobus
547 4297 742 4354 sacerdotibus
758 4299 900 4369 predictas
916 4300 1015 4356 decem
1032 4318 1142 4357 marcas
1159 4320 1268 4360 annuas

543 4400 553 4432 ¹
570 4400 682 4467 Stephen
692 4403 726 4452 de
738 4404 889 4469 Hepworth.
