3192 5067
334 348 401 398 112
531 326 654 425 Rzgrtt
677 327 726 423 os
734 326 993 424 presentation
1017 334 1053 400 to
1078 323 1215 398 churclr
1315 322 1435 423 [soor

735 643 784 690 20.
830 622 1034 687 Inrotulacio.

163 790 217 832 rne
225 800 281 832 ωε
290 789 313 833 t·
383 779 491 847 Assysa
503 778 580 833 venit
592 777 770 847 recognitum
782 776 846 847 quis
863 778 1020 831 aduocatus
1032 785 1159 845 tempore
1172 776 1250 847 pacis
1263 773 1436 846 presentauit

164 839 316 933 ξξξζῗξξὲῗ
329 864 457 920 ultimam
480 882 631 937 personam
656 883 712 936 que
740 874 852 921 mortua
880 874 923 920 est
953 864 989 919 ad
1018 864 1167 920 ecclesiam
1197 867 1232 920 de
1258 866 1382 933 Byrtonc
1406 863 1435 918 in

165 940 289 1042 ffflfftsffi
332 951 493 1006 Kesteuene
505 968 562 1022 que
573 962 656 1006 vacat
673 962 725 1007 etc.
738 962 767 1007 et
783 951 863 1006 cuius
880 950 1101 1008 aduocacionem
1122 952 1201 1006 Prior
1217 951 1253 1006 dc
1267 951 1436 1006 Bernewclle

164 1040 206 1083 use
215 1040 281 1083 wrtt.
329 1039 433 1093 clamat
446 1036 568 1110 [versus]
581 1039 738 1093 Robertum
751 1039 787 1093 de
802 1038 1008 1093 Brakenberwe
1019 1048 1048 1094 ct
1060 1038 1135 1094 vnde
1146 1037 1215 1095 dicit
1227 1039 1304 1109 quod
1316 1039 1436 1110 ipsemet

328 1135 455 1198 tempore
483 1126 563 1195 pacis
590 1136 719 1197 tempore
747 1126 856 1181 domini
884 1125 1025 1199 H[enrici]
1049 1128 1124 1198 regis
1149 1127 1237 1199 patris
1262 1128 1336 1197 regis
1360 1144 1435 1181 nunc

327 1214 500 1285 presentauit
521 1214 664 1286 quendam
688 1216 830 1285 Rogerum
853 1216 888 1270 de
912 1215 1118 1286 Rauelingham
1140 1214 1272 1271 clericum
1295 1232 1377 1271 suum
1398 1215 1437 1270 ad

327 1304 449 1359 eandem
469 1302 620 1359 ecclesiam
642 1303 690 1373 qui
712 1306 749 1359 ad
771 1304 1016 1375 presentacionem
1038 1320 1118 1359 suam
1140 1304 1230 1358 luerat
1247 1302 1389 1359 admissus
1407 1314 1436 1360 et

328 1392 472 1448 institutus
485 1393 514 1447 in
527 1392 648 1447 eandem
665 1410 716 1462 per
728 1392 812 1448 'cuius
829 1402 950 1447 mortem
963 1393 1091 1463 predicta
1103 1393 1222 1449 ecclesia
1235 1391 1321 1448 modo
1334 1403 1417 1448 uacat
1429 1412 1436 1458 ;

328 1491 356 1536 et
383 1481 524 1535 Robertus
547 1496 598 1551 per
622 1489 795 1536 attomatum
821 1498 903 1536 suum
925 1482 1001 1536 venit
1025 1492 1054 1537 et
1078 1482 1147 1537 dicit
1171 1480 1249 1552 quod
1274 1480 1335 1551 ipse
1359 1489 1436 1535 tenet

328 1569 486 1626 manerium
504 1570 541 1625 de
561 1572 685 1640 Byrtone
702 1570 741 1624 ad
758 1570 835 1639 quod
857 1570 1012 1625 aduocacio
1032 1570 1150 1625 ecclesie
1171 1568 1298 1642 predicte
1316 1568 1436 1639 pertinet

328 1658 500 1715 coniunctim
513 1677 579 1715 cum
591 1659 716 1731 quodam
729 1659 866 1730 magistro
877 1659 1029 1730 Radulpho
1041 1658 1099 1713 filio
1113 1658 1230 1713 Roberti
1242 1658 1279 1713 de
1292 1656 1436 1726 Wykham

328 1747 530 1804 archidiacono
556 1749 704 1815 Bathonie‚
729 1765 780 1819 per
803 1748 1015 1804 leoffamentum
1044 1748 1192 1802 cuiusdam
1223 1745 1355 1815 Hugonis
1386 1744 1436 1800 filii

329 1836 467 1901 Othonis3
486 1835 533 1907 qui
547 1836 663 1907 quidam
678 1835 847 1905 Radulphus
859 1852 917 1890 non
934 1835 1096 1891 nominatus
1113 1834 1142 1889 in
1159 1833 1246 1900 breui,
1259 1844 1287 1889 et
1306 1833 1368 1887 sine
1379 1849 1436 1905 quo

328 1941 386 1979 non
397 1934 490 1995 potest
503 1923 570 1978 inde
581 1924 753 1994 respondere
765 1934 792 1979 et
806 1923 949 1995 predictus
963 1924 1043 1979 Prior
1054 1940 1111 1977 non
1124 1932 1217 1993 potest
1228 1921 1435 1978 hoc'dedicere.

330 2012 399 2068 ldeo
417 2012 561 2082 predictus
583 2014 723 2068 Robertus
745 2012 812 2068 inde
832 2013 893 2067 sine
914 2012 961 2068 dic
980 2023 1009 2067 et
1030 2012 1108 2067 Prior
1127 2028 1179 2082 pro
1197 2010 1269 2065 falso
1287 2011 1390 2066 clamio
1406 2011 1435 2065 in

328 2100 521 2157 misericordia
532 2111 560 2156 et
573 2100 716 2172 perquirat
729 2118 760 2156 se
773 2118 824 2172 per
835 2100 912 2156 aliud
925 2102 1011 2156 breue
1024 2100 1047 2154 si
1061 2099 1187 2155 uoluerit.

331 2357 380 2404 21.
423 2340 529 2404 Prior
557 2337 747 2422 impetrauit
773 2336 872 2400 aliud
899 2335 991 2401 breue
1015 2335 1074 2400 sub
1099 2336 1208 2399 cadem
1230 2337 1346 2418 forma
1371 2358 1436 2420 qua

408 2444 558 2527 primum
592 2444 686 2509 breue
710 2442 832 2523 suerat
865 2442 1073 2525 impetratum
1109 2442 1177 2505 nisi
1208 2441 1295 2524 quod
1324 2462 1436 2505 nomen

416 2548 572 2631 magistri
584 2544 786 2632 R[adulplri]
793 2546 914 2627 fuerat
926 2546 1113 2628 appositum.
1159 2544 1263 2609 Breue
1267 2546 1434 2629 judiciale.

167 2720 290 2772 rnektsg
384 2704 445 2757 Rex
462 2702 621 2758 vicecomiti
642 2702 786 2757 Lincolnie
806 2701 932 2757 salutem.
972 2700 1145 2771 Precipimus
1164 2699 1214 2757 tibi
1233 2703 1310 2773 quod
1330 2702 1436 2758 habeas

166 2776 290 2864 ξζζῗξζῆ,
330 2788 1436 2860 coramJusticiarijsnostrisapudwestmonasteriumincrastinollscensionis

166 2923 279 2965 mmm
288 2920 316 2962 or
330 2876 438 2931 domini
451 2893 569 2948 corpora
584 2876 698 2932 Roberti
713 2877 748 2930 de
763 2875 915 2931 Retember
928 2876 964 2930 de
976 2876 1047 2944 Tali,
1061 2876 1200 2945 Johannis
1217 2878 1253 2932 de
1271 2877 1387 2945 Bugena
1401 2878 1437 2931 de

165 2973 208 3014 the
219 2972 288 3013 Prior
333 2964 427 3032 corbi,
452 2963 587 3018 Willelmi
612 2964 819 3034 Chamberlcyn
849 2964 885 3019 de
915 2964 1023 3031 eadem,
1049 2964 1167 3020 Gilberti
1195 2965 1230 3019 de
1261 2964 1437 3035 Bylinggere,

165 3021 278 3115 wffl'
331 3054 442 3107 Thonis
459 3052 507 3121 filij
528 3051 660 3106 Nicholai
678 3052 714 3107 de
733 3052 850 3118 Estone‚
867 3052 970 3121 Rogeri
991 3051 1116 3121 Palelrey
1129 3052 1164 3106 de
1184 3052 1291 3121 eadem,
1306 3053 1436 3122 Hugonis

230 3139 248 3191 i.
262 3141 318 3205 4rb
332 3142 407 3197 Diue
419 3143 456 3196 de
467 3142 608 3210 Twyford,
621 3140 759 3212 Johannis
773 3141 809 3194 de
823 3140 986 3209 Langetone
999 3140 1034 3195 de
1048 3139 1164 3208 Baleby,
1179 3140 1293 3195 Ricardi
1309 3141 1344 3194 de
1358 3140 1437 3196 Cotis

330 3229 367 3284 de
385 3228 495 3295 eadem,
514 3227 633 3283 Galfridi
653 3227 787 3293 Bernard‚
802 3236 853 3280 etc.
867 3226 1109 3297 recogniturorum
1126 3244 1254 3296 assysam
1267 3226 1363 3282 vltime
1376 3246 1436 3298 pre·

330 3316 503 3371 sentacionis
514 3333 600 3388 quam
615 3316 694 3371 Prior
706 3316 742 3370 de
755 3316 926 3369 Bernewelle
936 3314 964 3368 in
977 3316 1055 3368 curia
1064 3324 1160 3369 nostra
1170 3332 1265 3369 coram
1276 3315 1437 3388 Justiciarijs

330 3406 433 3460 nostris
443 3406 519 3476 apud
530 3406 814 3460 westmonasterium
823 3404 986 3459 arramiauit
995 3419 1091 3457 versus
1104 3403 1258 3458 Robertum
1268 3404 1303 3458 de
1314 3405 1437 3460 Braken·

330 3496 431 3560 berwe,
443 3503 472 3547 et
484 3494 651 3564 magistrum
666 3493 848 3564 Radulpnum
866 3494 902 3547 de
915 3492 1066 3561 Wylrham,
1080 3492 1116 3546 de
1132 3492 1252 3547 ecclesia
1265 3494 1301 3547 de
1315 3496 1438 3564 Byrtonc

331 3584 360 3637 in
375 3584 534 3638 Kesteuene
546 3598 601 3652 que
613 3592 695 3636 vacat
713 3591 743 3635 ut
761 3581 872 3647 dicitur,
886 3581 921 3635 ad
939 3580 1100 3635 faciendam
1117 3596 1246 3649 assysam
1260 3581 1345 3649 illam,
1360 3582 1437 3637 etad

330 3669 503 3725 audiendum
513 3668 651 3739 judicium
665 3685 747 3724 suum
760 3668 797 3722 de
809 3667 937 3740 pluribus
949 3667 1067 3722 defaltis.

385 3756 559 3827 Precipimus
579 3756 670 3811 eciam
690 3755 740 3811 tibi
760 3756 836 3825 quod
859 3764 899 3810 tot
919 3764 948 3810 et
969 3756 1039 3809 tales
1060 3766 1118 3810 tam
1137 3754 1241 3812 milites
1262 3772 1348 3825 quam
1366 3757 1438 3812 alios

330 3842 434 3899 liberos
446 3854 474 3899 et
486 3844 592 3913 legales
608 3842 738 3898 homines
755 3842 791 3897 de
805 3841 915 3897 visneto
931 3842 1059 3911 predicto
1072 3841 1100 3897 in
1114 3858 1242 3911 assysam
1257 3843 1334 3899 illam
1348 3862 1437 3915 ponas

331 3942 360 3987 et
381 3932 444 3986 illos
464 3931 570 3987 habeas
592 3948 687 3987 coram
710 3931 844 4002 predictis
867 3930 1035 4000 Justiciarijs
1055 3931 1158 3985 nostris
1179 3933 1255 4003 apud
1276 3933 1438 3989 Westmon·

332 4019 465 4076 asterium
479 4019 515 4074 ad
527 4020 667 4089 prefatum
680 4018 833 4073 terminum
847 4018 883 4072 ad
900 4018 1060 4073 iaciendum
1078 4036 1207 4087 assysam
1220 4020 1296 4075 illam
1310 4020 1349 4076 ita
1361 4019 1437 4091 quod

332 4124 431 4177 assysa
443 4107 492 4162 illa
509 4122 566 4159 non
584 4116 729 4162 remaneat
746 4104 887 4176 capienda
899 4121 949 4175 pro
967 4105 1078 4160 deiectu
1087 4104 1277 4178 jur[atorum],
1291 4118 1318 4162 et
1330 4108 1438 4163 habeas

332 4195 448 4251 nomina
461 4212 558 4249 eorum
570 4212 641 4266 quos
654 4194 691 4249 de
703 4211 778 4249 nouo
791 4192 957 4264 apposueris
970 4204 998 4249 et
1010 4194 1064 4248 hoc
1077 4195 1172 4250 breue.
1203 4196 1290 4250 Teste
1302 4192 1438 4268 T[homa]

332 4285 368 4339 de
393 4284 551 4353 Weylande
578 4282 654 4353 apud
679 4282 964 4339 westmonasterium
989 4300 1041 4341 ,tur-
1066 4281 1113 4339 die
1137 4282 1234 4355 aprilis
1259 4299 1334 4338 anno
1359 4283 1436 4354 regni

331 4372 420 4431 nostri
438 4371 503 4430 xvi⁰.
