3192 5067
307 337 378 409 108
504 334 627 432 Rzgfrt
651 334 965 432 ospresentation
992 345 1028 407 to
1053 333 1188 408 churclr
1291 330 1409 431 [soon

604 539 650 602 14
704 521 903 587 Vcredictum
916 522 1119 605 Jirratorum.

141 709 194 753 η.
212 721 259 762 ω,
367 678 474 762 Jurati
516 678 632 742 dicunt
669 677 760 761 quod
799 678 969 761 predictus
1011 676 1176 742 Ricardus
1216 676 1409 760 dissaysiuit

140 760 289 854 morsm
302 782 429 847 dictum
447 782 593 846 Priorem
606 781 751 846 dedicta
767 780 907 846 dimidia
919 803 996 847 acra
1008 791 1094 846 terre
1105 802 1181 846 cum
1199 779 1409 864 pertinenciis

140 862 240 955 ir‘or'in'*
302 887 423 951 iniuste
439 897 499 952 etc.
518 888 603 950 sicut
625 886 725 951 breue
741 886 830 951 dicit.
879 888 961 951 Ideo
976 887 1236 951 consideratum¹
1252 894 1303 949 est
1319 884 1408 967 quod

139 962 273 1105 &iffi
302 992 412 1057 dictus
430 991 522 1056 Prior
537 1002 708 1075 recuperet
723 992 895 1075 saysinam
911 990 1036 1077 sua[m]
1053 1012 1112 1075 per
1126 991 1236 1055 uisum
1260 990 1408 1073 recogni-

202 1133 218 1184 f.
231 1134 290 1199 ³91>
302 1108 412 1162 torum
427 1106 462 1161 et
478 1096 642 1161 Ricardus
658 1097 692 1159 in
709 1096 934 1161 misericordia
951 1117 1011 1180 pro
1026 1095 1221 1179 dissaysina

370 1200 499 1265 Eadem
537 1201 642 1264 assisa
680 1202 773 1264 uenit
812 1202 1024 1283 recognitura
1061 1200 1089 1264 si
1128 1198 1328 1263 Humsridus
1366 1198 1410 1261 de

303 1306 480 1389 Cloptone‚
494 1304 657 1369 Ricardus
667 1304 755 1367 filius
768 1304 932 1383 susanne,
943 1315 978 1370 et
991 1306 1155 1370 Ricardus
1168 1304 1255 1368 filius
1269 1304 1409 1387 Aylene,

302 1411 423 1475 iniuste
438 1420 499 1474 etc
515 1409 780 1491 dissaysiuerunt
800 1409 945 1473 Priorem
967 1409 1010 1474 de
1028 1408 1227 1475 Bernewelle
1243 1408 1285 1473 de
1306 1407 1409 1472 libero

302 1524 495 1579 tenemento
515 1534 576 1577 suo
592 1514 625 1576 in
648 1513 818 1597 Cloptone
840 1524 875 1578 et
890 1515 979 1578 vnde
994 1515 1144 1598 queritur
1166 1513 1258 1597 quod
1282 1512 1409 1594 dissay·

302 1619 452 1683 siuerunt
466 1639 544 1682 eum
556 1619 599 1682 de
615 1618 721 1681 tribus
737 1619 823 1682 acris
840 1628 971 1687 terreret
982 1640 1025 1682 nt.
1038 1617 1153 1682 solidis
1168 1616 1318 1681 redditus
1333 1635 1409 1679 cum

302 1722 514 1805 pertinenciis
537 1721 570 1784 in
594 1722 720 1785 eadem.
768 1721 814 1785 Et
840 1720 1041 1785 Humiridus
1063 1722 1162 1797 uenit,
1182 1729 1217 1784 et
1238 1718 1410 1801 respondit

303 1847 363 1910 pro
392 1848 429 1891 se
458 1836 493 1891 et
522 1826 604 1899 aliis.
629 1837 662 1889 et
695 1826 904 1910 recognoscit
928 1848 964 1891 se
994 1826 1191 1909 dissaysisse
1222 1822 1408 1907 predictum

304 1932 450 1997 Priorem
477 1934 520 1997 de
542 1931 691 2016 predicta
713 1942 802 1997 terra
824 1942 858 1996 et
881 1932 1023 2009 redditu,
1045 1941 1079 1995 et
1104 1932 1133 1995 ei
1159 1929 1277 1995 reddit.
1327 1927 1409 1990 ideo

302 2035 565 2100 consideratum¹
588 2045 639 2100 est
663 2036 753 2119 quod
779 2035 949 2118 predictus
977 2036 1070 2099 Prior
1095 2034 1218 2098 habeat
1240 2030 1409 2114 saysinam

303 2160 397 2204 suam
421 2150 454 2204 et
477 2140 645 2223 predictus
670 2140 870 2205 Humsridus
894 2142 926 2205 in
951 2138 1184 2225 misericordia.

372 2244 438 2308 iste
464 2265 579 2328 assyse
603 2254 701 2327 capte
726 2244 859 2310 suerunt
882 2266 994 2309 coram
1021 2245 1160 2309 domino
1186 2241 1358 2306 Willelmo
1380 2241 1410 2305 le

304 2349 429 2413 Bretun
448 2350 576 2413 domini
600 2349 703 2431 Regis
721 2349 907 2431 justiciario
922 2348 1012 2433 apud
1029 2369 1168 2433 paruam
1186 2346 1360 2413 Schelsord
1376 2347 1409 2411 in

303 2455 448 2518 crastino
469 2454 694 2519 conuersionis
712 2453 801 2518 beati
826 2454 918 2519 Pauli
940 2474 1029 2518 anno
1049 2454 1142 2537 regni
1162 2454 1249 2536 regis
1272 2455 1410 2519 Henrici

304 2559 362 2623 filii
375 2559 465 2641 regis
479 2558 643 2642 Johannis
659 2560 776 2625 .x⁰liii⁰.

411 2753 458 2821 15.
504 2739 555 2803 De
576 2740 786 2804 aduocacione
810 2740 947 2805 Ecclesia
969 2741 1008 2804 de
1036 2742 1175 2823 Byrtone
1198 2751 1309 2805 contra

648 2842 834 2924 Radulfum
856 2844 896 2907 de
919 2842 1061 2926 Cameys.

141 3014 224 3058 orne
370 2988 500 3072 Assysa
516 2990 608 3053 uenit
624 2990 836 3074 recognitum
850 2992 925 3074 quis
941 2991 1126 3056 aduocatos
1146 3002 1298 3074 tempore
1318 2990 1409 3074 pacis

139 3066 277 3209 ffiffi?
304 3092 508 3178 presentauit
524 3092 676 3155 ultimam
692 3113 870 3176 personam
886 3114 952 3177 que
968 3105 1100 3158 mortua
1115 3104 1166 3159 est
1178 3093 1220 3158 ad
1234 3094 1407 3158 ecclesiam

142 3216 272 3308 {reims
304 3200 348 3263 de
370 3200 518 3281 Byrtone
539 3218 604 3281 que
625 3208 732 3275 uacat,
747 3200 840 3262 cuius
861 3199 1121 3264 aduocacionem
1146 3198 1344 3282 Radulphus
1367 3198 1409 3261 de

307 3304 460 3384 Kamoys
481 3311 515 3365 et
535 3300 694 3365 Asceiina
711 3323 797 3365 uxor
820 3302 891 3366 eius
909 3302 1057 3367 clamant
1073 3322 1187 3366 uersus
1205 3302 1349 3366 Priorem
1366 3300 1409 3365 de

141 3429 280 3473 ‘menam
306 3406 517 3484 Bemeweile,
534 3416 569 3471 et
585 3405 756 3472 Othonem
777 3406 882 3471 filium
906 3407 1086 3486 Willelmi;
1108 3416 1142 3471 et
1162 3407 1250 3470 vnde
1270 3405 1409 3489 predicti

141 3480 291 3625 Ξὲἶιέῗγι
307 3511 506 3594 Radulphus
536 3520 571 3574 et
600 3510 760 3575 Asceiina
794 3511 911 3575 dicunt
947 3512 1038 3595 quod
1068 3510 1214 3594 quedam
1251 3510 1409 3574 Asceiina

143 3632 261 3727 mip-
305 3618 427 3683 abauia
453 3617 548 3680 istius
579 3616 737 3680 Asceiine
766 3626 918 3699 tempore
947 3615 1140 3700 J[ohannis]
1172 3614 1275 3698 Regis
1306 3615 1408 3697 patris

236 3695 259 3725 θ’
306 3721 433 3787 domini
469 3721 554 3803 regis
591 3741 679 3784 nunc
716 3720 921 3803 presentauit
955 3719 1124 3803 quendam
1161 3720 1331 3803 Rogemm
1367 3720 1409 3783 de

308 3824 531 3909 Huntingseld
563 3823 717 3888 clericum
744 3843 841 3888 suum
869 3824 911 3887 ad
939 3822 1123 3907 predictam
1146 3822 1330 3901 ecclesiam,
1352 3824 1408 3907 qui

306 3930 350 3994 ad
374 3929 658 4013 presentacionem
683 3948 777 3991 suam
807 3927 870 3991 suit
899 3928 1066 3991 admissus
1090 3937 1124 3992 et
1149 3928 1322 3992 institutus
1347 3927 1409 4011 [et]

306 4036 425 4100 vltimo
446 4031 532 4115 obijt
553 4052 693 4116 persona
717 4034 750 4095 in
773 4035 901 4108 eadem,
925 4045 985 4097 etc.

143 4165 262 4209 'ricem
373 4139 544 4203 Predictus
566 4138 655 4200 Prior
674 4137 862 4221 dicitquod
884 4139 926 4201 ad
948 4136 1057 4221 ipsum
1074 4145 1205 4218 spectat
1220 4147 1410 4218 presentare

142 4215 271 4310 Piriiaa
306 4247 349 4312 ad
380 4243 563 4328 predictam
590 4242 763 4306 ecclesiam
790 4264 831 4307 eo
861 4245 952 4326 quod
979 4241 1115 4326 quidam
1142 4240 1341 4324 Radulphus
1367 4242 1410 4306 de

144 4318 266 4361 convent.

717 4388 726 4420 ¹
743 4399 926 4449 conservatum,
938 4390 995 4440 MS.
