3192 5067
341 361 386 434 52
641 337 753 434 Kzitg
776 336 952 410 Edward
971 336 1144 434 confirms
1327 332 1447 433 [Boou

176 531 281 632 {ffiffity
290 580 318 621 οἱ
340 528 520 593 canonicus
554 536 728 611 tamquam
763 531 952 590 attomatus
988 522 1109 586 Prioris
1144 523 1193 586 sui
1229 522 1284 585 die
1319 529 1446 585 statuto

177 630 320 723 &mh
341 631 465 715 optulit
493 652 530 695 se
559 650 670 695 coram
697 627 891 712 justiciarijs
921 628 1048 692 domini
1077 626 1179 709 Regis
1206 627 1239 689 in
1266 625 1384 703 banco,
1413 634 1447 689 et

178 732 278 823 ξξξοῖξ*
341 736 549 820 presentibus
584 737 723 799 domino
757 734 913 817 Johanne
942 734 985 798 de
1016 732 1168 816 Kyrlrebi
1204 742 1284 796 tunc
1319 730 1446 795 domini

178 837 323 923 ξῖζῇἷζω
343 841 446 925 Regis
480 840 703 904 Thesaurario
744 849 780 903 et
821 837 960 901 domino
1002 836 1155 921 Johanne
1193 837 1235 901 de
1278 835 1447 919 Berewylr,

178 932 283 1024 ζ’ῑξῗρ,
291 982 316 1024 1,
342 946 478 1009 domine
502 946 632 1028 Regine
656 944 793 1020 Clerico‚
811 943 990 1025 multisque
1010 942 1137 1005 domini
1160 941 1263 1023 Regis
1285 939 1448 1013 fidelibus,

178 1032 295 1131 iffi„
342 1044 420 1109 fecit
449 1044 618 1130 predictus
648 1044 829 1108 canonicus
859 1042 994 1107 nomine
1025 1043 1146 1107 Prioris
1175 1043 1300 1106 dictam
1334 1059 1447 1121 recog-

176 1132 287 1234 w*
298 1134 318 1175 ¹·
342 1146 516 1222 melonem,
537 1156 573 1209 et
594 1154 645 1208 est
668 1143 865 1209 inrotulacio
887 1142 982 1207 talis:

519 1373 569 1439 27.
614 1357 811 1422 Inrotulattb
833 1358 870 1421 in
892 1357 996 1423 banco.
1043 1355 1265 1439 Cantebregia.

395 1497 563 1566 Preceptum
580 1494 632 1549 fuit
649 1493 817 1563 vicecomiti,
830 1494 906 1565 quod
922 1492 1018 1549 venire
1035 1494 1140 1548 laceret
1157 1492 1204 1547 hic
1222 1492 1260 1547 ad
1277 1492 1353 1548 bunc
1371 1492 1447 1546 diem

343 1584 469 1641 Priorem
493 1585 529 1640 de
555 1584 734 1651 Bernewelle
758 1583 797 1638 ad
822 1582 1050 1653 cognoscendum
1076 1598 1127 1653 per
1150 1598 1205 1653 que
1228 1580 1347 1636 seruicia
1371 1590 1447 1635 tenet

343 1672 501 1727 Prioratum
525 1673 561 1728 de
586 1672 756 1727 Bernewelle
778 1672 816 1726 de
842 1670 970 1727 Gilberto
995 1670 1121 1737 Pecche;
1150 1686 1205 1741 que
1229 1668 1348 1723 seruicia
1372 1668 1447 1724 idem

343 1759 487 1815 Gilbertus
512 1759 540 1813 in
565 1758 651 1815 Curia
676 1758 763 1828 Regis
784 1758 832 1813 hic
856 1756 998 1815 concessit
1021 1757 1138 1813 domino
1164 1756 1244 1827 Regi,
1264 1766 1293 1811 et
1314 1756 1447 1811 Alianore

343 1846 451 1915 Regine
471 1846 594 1901 consorti
617 1862 675 1915 sue,
695 1855 724 1900 et
744 1844 895 1901 heredibus
915 1846 1050 1918 ipsorum,
1068 1862 1120 1915 per
1140 1844 1225 1899 finem
1246 1844 1285 1899 ibi
1306 1843 1378 1899 inter
1396 1860 1447 1900 eos

341 1933 456 2001 sactum,
469 1942 522 1988 etc.

395 2022 433 2076 Et
452 2020 531 2075 Prior
546 2020 624 2077 uenit
640 2030 669 2076 et
683 2019 818 2089 cognouit
835 2020 911 2091 quod
927 2029 1005 2076 tenet
1022 2019 1129 2075 dictum
1148 2017 1305 2075 Primatum
1322 2020 1359 2075 de
1370 2019 1446 2076 dicto

343 2109 470 2164 Gilberto
487 2109 516 2164 in
531 2108 650 2165 liberam
665 2126 766 2181 puram
782 2119 812 2164 et
826 2119 992 2181 perpetuam
1004 2108 1197 2177 elemosinam,
1209 2118 1238 2164 et
1251 2110 1403 2165 attornauit
1417 2125 1447 2164 se

341 2198 449 2253 eisdem
470 2206 498 2251 et
519 2196 587 2252 iecit
607 2196 649 2252 eis
670 2197 844 2266 fidelitatem,
865 2214 916 2269 per
937 2197 1162 2268 assignacionem
1186 2198 1304 2269 predicti
1328 2197 1446 2253 Gilberti

341 2287 498 2341 secundum
515 2287 636 2340 tonnam
657 2296 734 2343 carte
753 2286 871 2358 predicti
895 2287 1013 2344 Gilberti
1034 2287 1108 2343 facte
1129 2287 1216 2342 Pn'ori
1237 2296 1267 2343 et
1288 2286 1446 2343 Conuentui

342 2374 377 2429 de
391 2374 571 2441 Bemewehe,
583 2373 620 2428 de
633 2374 697 2445 jure
712 2374 914 2430 aduocacionis
929 2375 1056 2447 predicte
1072 2375 1204 2432 habende
1220 2385 1347 2447 ternpore
1363 2391 1446 2431 uaca-

342 2460 432 2516 cionis
444 2460 472 2516 in
486 2460 614 2516 Prioratu
626 2461 762 2532 predicto,
776 2472 829 2517 etc.

410 2558 484 2622 Hec
500 2558 695 2622 inrotulacio
711 2559 898 2623 inuenietur
909 2559 951 2623 de
963 2560 1131 2642 quindena
1143 2569 1258 2624 sancte
1274 2559 1447 2624 Trinitatis

341 2659 432 2741 apud
448 2656 783 2722 westmonasterium
808 2658 841 2721 in
866 2658 986 2722 Banco.
1032 2656 1136 2721 Anno
1156 2660 1248 2741 regni
1270 2659 1357 2743 regis
1378 2657 1447 2723 Ed·

342 2761 443 2826 wardi
467 2760 524 2845 filij
549 2762 636 2845 regis
661 2760 799 2826 Henrici
823 2760 894 2845 xij⁰.

242 2978 261 3029 t.
276 2978 329 3043 ηδ
352 2976 402 3039 28.
447 2974 499 3038 De
519 2974 761 3059 confimactbm
782 2973 885 3059 Regis
906 2972 1076 3040 Edwardi
1095 2985 1230 3060 tempore
1251 2976 1438 3041 uacationis.

178 3150 246 3191 now
255 3145 324 3189 ntor
410 3116 488 3201 Hijs
511 3118 557 3183 ita
580 3116 692 3201 gestis,
713 3117 882 3201 predictus
905 3117 1000 3183 Prior
1022 3118 1150 3202 Symon
1175 3118 1390 3184 considerans
1412 3138 1448 3182 se

177 3200 310 3302 {idtio
342 3229 377 3285 et
406 3218 580 3283 ecclesiam
611 3238 706 3283 suam
736 3218 839 3283 alium
870 3218 994 3284 habere
1021 3228 1199 3304 patronum
1225 3241 1326 3305 quam
1357 3221 1449 3306 prius

177 3298 294 3392 &¹35⁶
341 3318 513 3396 habuerat,
536 3328 571 3383 et
595 3339 630 3383 se
654 3318 707 3384 uel
730 3338 809 3382 suos
833 3339 1037 3384 successores
1061 3339 1127 3385 non
1152 3341 1250 3404 posse
1272 3340 1348 3385 cum
1372 3338 1449 3403 rege

177 3404 297 3501 liiiffin
342 3423 469 3507 expari,
490 3423 575 3487 sicut
596 3442 673 3485 cum
696 3431 841 3506 patrono
861 3424 1069 3506 precedente,
1084 3423 1298 3499 confabulari,
1317 3423 1450 3503 timens,

178 3498 319 3641 &5:30ss
343 3548 385 3592 ne
427 3537 577 3611 tempore
617 3527 806 3591 uacacionis
845 3527 1062 3591 exchaetores
1100 3527 1228 3593 domini
1270 3528 1373 3611 Regis
1413 3549 1450 3591 se

177 3601 321 3702 &isaim
342 3634 559 3709 intruderent,
584 3641 619 3698 et
642 3630 816 3696 ecclesiam
840 3630 931 3695 illam
957 3630 1244 3715 dampnificarent,
1270 3634 1451 3716 prudenter

177 3702 296 3743 audeon-
542 3735 550 3751 ,
875 3736 882 3750 .
1008 3736 1015 3749 .

176 3750 329 3843 mirra&
341 3756 423 3801 sane
438 3736 576 3812 studuit,
590 3744 624 3800 et
640 3736 728 3801 bone
744 3755 904 3800 memorre
924 3736 1098 3800 dommum
1116 3736 1300 3801 Robertum
1318 3737 1451 3815 Burnel,

199 3851 295 3943 3323
341 3840 468 3904 domini
487 3840 591 3922 Regis
606 3849 687 3904 tunc
703 3839 958 3915 Cancellarium‚
973 3839 1035 3903 sibi
1057 3839 1255 3923 placabilem
1273 3839 1358 3906 fecit
1403 3842 1450 3907 Et

178 3952 266 3994 ran..
342 3966 402 4029 per
416 3944 520 4027 ipsius
536 3943 732 4025 Cancellarij
749 3943 913 4007 auxilium
934 3944 1080 4027 optinuit
1101 3944 1229 4007 domini
1253 3943 1356 4027 Regis
1371 3966 1449 4010 con-

341 4047 567 4111 firmacionem
584 4047 617 4110 in
633 4047 695 4111 hac
711 4046 837 4111 forma:

341 4174 516 4232 Eadwardus
530 4172 576 4229 dei
588 4173 685 4243 gracia
696 4183 749 4229 etc.

395 4262 515 4319 Litteras
532 4261 605 4317 inter
620 4260 739 4318 dilectos
755 4262 838 4318 nobis
855 4261 885 4317 in
903 4262 1016 4318 Christo
1035 4262 1161 4319 Priorem
1178 4274 1206 4320 et
1221 4265 1401 4321 Conuenturn
1414 4265 1450 4320 de

341 4350 512 4407 Bernewelle
529 4366 564 4405 ex
581 4360 661 4420 parte
679 4366 743 4416 vna,
762 4359 791 4405 et
810 4348 944 4405 dilectum
962 4359 990 4405 et
1008 4350 1121 4407 fidelem
1140 4362 1267 4407 nostrum
1290 4352 1448 4411 Gilbertum
