3192 5067
141 317 215 416 vu]
415 315 452 388 T
446 326 578 390 enants
603 316 643 388 in
669 315 759 413 Dry
784 315 961 412 Drayton
1175 335 1241 404 311

207 504 414 588 Reginaldus
438 501 566 568 Giffard
589 509 683 566 tenet
705 520 805 564 vnam
828 518 940 562 acram
964 505 1058 572 terre,
1080 505 1114 560 et
1137 494 1247 560 reddit

140 631 199 694 per
224 631 350 676 annum
373 631 411 675 .v.
433 609 588 673 denarios
611 606 654 671 ad
684 605 793 670 dictos
816 603 977 670 terminos
1004 622 1065 686 pro
1091 600 1247 666 omnibus

139 714 296 798 seruicijs.

207 818 371 884 Radulsus
395 815 538 883 Giffard¹
560 825 653 881 tenet
675 835 777 880 vnum
807 813 1015 896 mesuagium
1032 830 1118 875 -cum
1141 809 1247 875 crosta

139 923 314 988 adiacente
340 942 404 1007 que
430 921 581 986 continet
606 939 706 982 vnam
735 938 846 982 acram
875 927 971 994 terre,
992 925 1027 980 et
1053 915 1162 980 reddit
1189 935 1248 998 per

140 1047 267 1092 annum
279 1027 331 1110 .vJ.
342 1027 497 1092 denarios
508 1027 551 1090 ad
565 1024 687 1090 lestum
701 1024 818 1091 Sancti
833 1021 1007 1087 Michaelis
1019 1042 1080 1106 pro
1092 1021 1247 1086 omnibus

140 1129 299 1213 seruicijs.

208 1233 416 1318 Reginaldus
438 1235 562 1299 Persun
584 1241 678 1298 tenet
694 1252 797 1297 vnum
816 1229 1025 1316 mesuagium
1044 1250 1120 1294 cum
1142 1228 1248 1294 crolta

142 1337 316 1402 adiacente
340 1358 406 1421 que
432 1338 581 1402 continet
605 1357 706 1402 vnam
734 1355 847 1400 acram
874 1343 970 1412 terre,
996 1344 1030 1399 et
1055 1333 1163 1398 reddit
1189 1354 1249 1417 per

141 1461 267 1506 annum
305 1461 370 1524 mJ.
407 1441 533 1506 solidos
570 1442 613 1505 ad
651 1441 760 1504 dictos
798 1439 958 1504 terminos
996 1459 1057 1523 pro
1093 1438 1248 1502 omnibus

141 1545 299 1629 seruicijs.
577 1550 580 1555 '

209 1649 399 1733 Stephanus
414 1649 458 1715 de
474 1649 619 1714 Borham
635 1657 728 1712 tenet
742 1667 845 1712 vnum
863 1647 1080 1730 mesuagium,
1090 1654 1124 1710 et
1140 1645 1250 1712 reddit

143 1774 337 1836 perannum
349 1753 392 1818 ad
406 1753 528 1817 festum
542 1752 658 1817 Sancti
671 1751 846 1817 Michaelis
860 1772 920 1834 pro
932 1750 1090 1816 omnibus
1100 1749 1249 1833 seruicijs

141 1857 171 1941 .j.
187 1859 360 1923 denarium
377 1857 439 1941 [et]
454 1857 601 1923 obolum.

635 1961 776 2028 Summa
790 1959 865 2042 .viij.
881 1959 979 2024 solidi
995 1958 1036 2043 ij.
1052 1959 1179 2043 denarii
1196 1960 1248 2025 ob.

210 2170 270 2234 isti
286 2180 363 2234 sunt
379 2169 581 2251 Custumarij
599 2169 748 2233 eiusdem
767 2167 888 2230 Prioris
905 2166 937 2230 in
955 2167 1073 2230 eadem
1089 2165 1187 2231 villa:

211 2306 418 2390 Reginaldus
439 2305 557 2370 Bulloc
577 2315 670 2370 tenet
689 2324 793 2369 vnum
815 2304 964 2386 clausum
987 2312 1020 2368 et
1042 2305 1249 2388 mesuagium

144 2513 278 2591 solidos,
292 2524 327 2578 et
342 2512 386 2578 ad
402 2513 525 2579 Natale
540 2514 625 2578 duos
640 2533 786 2596 capones
802 2533 863 2595 pro
878 2511 1034 2576 omnibus
1050 2511 1205 2594 seruicijs.

211 2617 403 2699 Stephanus
430 2616 523 2681 faber
548 2626 641 2681 tenet
667 2636 770 2680 vnum
798 2617 1007 2699 mesuagium
1038 2638 1114 2682 cum
1146 2617 1252 2686 crofta

145 2719 328 2797 adiacente,
354 2728 389 2784 et
419 2721 529 2785 reddit
555 2742 614 2805 per
640 2740 765 2784 annum
796 2720 838 2783 ad
869 2721 977 2784 dictos
1008 2721 1167 2786 terminos
1198 2721 1250 2804 ‚iij.

145 2824 279 2900 solidos,
301 2832 336 2887 et
362 2823 446 2912 duas
469 2845 588 2906 operas
613 2846 672 2906 per
695 2845 798 2888 vnum
825 2825 913 2887 diem
938 2825 971 2887 in
996 2834 1183 2909 autumpno
1208 2827 1280 2890 ads.
1299 2853 1344 2902 174

144 2929 256 2991 cibum
272 2927 400 2991 domini
418 2928 546 3006 Prioris,
561 2939 596 2992 et
611 2929 654 2993 ad
672 2928 794 2993 Natale
810 2929 894 2994 duos
910 2949 1062 3012 capones

214 3032 379 3097 Henricus
406 3031 670 3097 Molendinarius
693 3041 786 3096 tenet
810 3053 913 3096 vnum
941 3035 1148 3117 mesuagium
1176 3056 1252 3100 cum

145 3135 252 3202 crosta
277 3138 460 3213 adiacente,
483 3147 518 3201 et
544 3135 655 3201 reddit
680 3157 740 3220 per
765 3157 891 3201 annum
919 3137 973 3219 .iij.
996 3138 1131 3216 solidos,
1153 3150 1188 3204 et
1210 3140 1252 3205 ad

147 3241 271 3306 Natale
288 3241 426 3305 Domini
443 3240 484 3322 .ij.
500 3262 653 3323 capones.

213 3345 420 3429 Reginaldus
450 3346 481 3409 le
513 3347 619 3409 Roter
645 3355 737 3410 tenet
762 3366 865 3410 vnum
894 3349 1101 3431 mesuagium
1128 3360 1163 3415 et
1189 3372 1253 3416 .xv.

146 3555 280 3630 solidos,
310 3563 344 3617 et
379 3554 421 3618 ad
458 3554 580 3618 Natale
617 3555 756 3621 Domini
787 3557 873 3620 duos
903 3579 1057 3640 capones,
1087 3570 1122 3623 et
1151 3581 1254 3625 vnum

147 3678 269 3742 panem
291 3657 414 3734 album,
429 3659 472 3722 ad
495 3657 607 3722 cibum
628 3658 757 3724 domini
780 3661 909 3724 Prioris.
956 3662 1002 3726 Et
1021 3662 1184 3729 herciabit
1204 3666 1256 3729 bis

148 3783 207 3845 per
226 3781 362 3838 annum,
377 3761 479 3825 semel
501 3763 533 3824 in
555 3771 707 3845 tempore
725 3765 859 3844 yemali,
875 3773 909 3828 et
927 3766 1029 3829 semel
1050 3767 1083 3830 in
1105 3777 1256 3851 tempore

148 3865 428 3949 quadragesimali
455 3867 497 3929 ad
526 3867 637 3930 cibum
665 3867 794 3931 Prioris.
842 3869 887 3932 Et
911 3867 1010 3934 faciet
1032 3871 1115 3935 duas
1138 3892 1257 3955 operas

148 3973 191 4036 ad
223 3969 356 4048 lenum3
391 3990 494 4033 vnum
526 3970 568 4033 ad
600 3970 803 4048 falcandum,
833 3972 924 4037 aliud
958 3975 1000 4038 ad
1032 3974 1256 4060 colligendum

149 4074 263 4138 fenum
290 4073 334 4137 ad
360 4072 472 4170 cibum
500 4073 627 4138 domini
656 4075 784 4140 Prioris.
831 4076 877 4140 Et
903 4077 1002 4143 faciet
1028 4077 1113 4142 duas
1139 4101 1258 4164 operas

153 4179 185 4241 in
211 4185 398 4258 autumpno
420 4176 464 4241 ad
488 4177 599 4241 cibum
622 4178 751 4242 domini
775 4181 904 4244 Prioris.
951 4181 1037 4245 ltem
1062 4183 1201 4248 cariabit
1224 4185 1258 4248 in

149 4291 337 4365 autumpno
357 4300 433 4346 cum
453 4279 590 4346 homine
604 4301 666 4346 suo
681 4292 807 4347 etcum
824 4294 955 4348 carecta
971 4304 1031 4349 sua
1045 4294 1080 4351 et
1095 4307 1183 4369 equo
1198 4309 1259 4353 suo

607 4401 617 4434 ¹
634 4403 722 4464 Gillnr,
736 4404 793 4456 MS.
