3192 5067
336 313 404 381 188
650 310 691 383 A
720 312 811 384 rom'l
835 311 883 408 of
900 309 1112 409 conspiracy
1316 308 1436 409 [Boou

329 510 441 564 aquam,
465 495 626 564 Iohannem
650 506 782 565 sutorem,
805 498 981 567 Stephanum
1006 495 1146 563 clericum,
1170 496 1311 552 Thomam
1338 496 1437 563 Lucas,

331 582 489 637 Galin'dum
509 584 548 638 ad
569 585 661 655 capud
682 586 756 653 uille,
777 586 921 657 Nigellum
944 587 980 641 de
1002 586 1149 652 Stantone,
1168 586 1310 640 Thomam
1332 583 1437 651 Brund,

331 669 486 724 Ricardum
515 672 552 727 de
584 672 705 727 Parham
736 673 772 729 de
804 674 994 743 Cantebrigia,
1025 672 1177 729 Radullum
1208 672 1374 743 Scippawey
1400 672 1437 727 de

331 758 474 827 Clayethe,
488 767 516 813 et
533 760 693 829 lohannem
709 760 745 816 de
763 762 890 829 Dittone,
903 762 980 833 quod
997 763 1053 817 sint
1070 778 1166 817 coram
1184 762 1266 817 nobis
1281 760 1309 815 in
1327 759 1437 816 octabis

331 843 428 899 Sancti
456 842 594 913 Johannis
623 845 751 916 Baptiste
774 846 934 917 vbicunque
962 847 1097 902 fuerimus
1123 855 1191 902 tunc
1216 848 1246 901 in
1270 847 1376 916 Anglia
1399 846 1437 901 ad

330 932 561 1002 respondendum
582 935 709 1004 predicto
726 935 848 1004 Johanni
870 936 971 1005 Lewyn
990 937 1027 992 de
1045 935 1150 1007 placito
1168 934 1390 1006 conspiracionis
1408 944 1437 988 et

330 1020 562 1089 transgressionis
579 1023 734 1077 secundum
749 1024 961 1079 ordinacionem
974 1035 1099 1079 nostram
1113 1040 1203 1095 nuper
1215 1023 1280 1078 inde
1294 1022 1437 1094 prouisam

330 1105 402 1161 sicut
418 1107 560 1177 predictus
576 1109 722 1179 Jobannes
737 1110 838 1180 Lewyn
852 1109 1061 1165 racionabiliter
1073 1120 1231 1165 monstrare
1244 1108 1347 1180 poterit
1360 1108 1437 1179 quod

329 1194 355 1249 ei
372 1195 438 1249 inde
455 1196 625 1267 respondere
642 1197 772 1253 debeant.
811 1200 849 1253 Et
866 1198 973 1254 habeas
989 1198 1028 1253 ibi
1042 1199 1157 1254 nomina
1170 1197 1328 1269 plegiorum
1341 1208 1368 1252 et
1382 1196 1436 1250 hoc

328 1281 422 1338 breue
471 1284 557 1340 Teste
586 1282 738 1357 G[ilberto]
766 1287 803 1342 de
831 1286 1021 1344 Thorintone¹
1051 1288 1127 1358 apud
1151 1284 1436 1342 westmonasterium

328 1381 429 1440 quarto
447 1372 495 1426 die
511 1373 586 1443 Junij
605 1390 682 1429 anno
700 1374 779 1444 regni
799 1374 887 1431 nostri
906 1375 981 1446 xxij0.

504 1628 572 1694 125.
616 1613 792 1697 Inquisicio
805 1615 903 1695 facta
926 1613 965 1677 de
985 1613 1263 1697 conspiratoribus.

381 1768 470 1839 Jurati
494 1768 611 1825 ueniunt
632 1787 651 1823 a
671 1769 717 1824 die
739 1768 836 1824 Sancti
861 1768 1012 1823 Michaelis
1033 1765 1062 1821 in
1084 1777 1142 1822 tres
1164 1766 1337 1837 septimanas
1359 1782 1435 1820 anno

164 1830 311 1923 {amm
329 1856 406 1927 regni
424 1857 498 1927 regis
516 1856 649 1912 Edwardi
666 1856 714 1911 filii
735 1856 821 1927 Regis
841 1855 957 1911 Henrici
975 1854 1071 1925 .xxlij.
1089 1865 1117 1909 et
1134 1856 1231 1910 dicunt
1247 1871 1331 1925 super
1343 1872 1435 1910 sacra·

166 1930 249 2022 {ffie
328 1954 455 2000 mentum
472 1962 554 1999 suum
571 1947 648 2016 quod
665 1946 772 2014 symon
788 1945 825 2000 de
844 1944 975 1999 Hasselle
995 1943 1073 1998 Pn'or
1089 1943 1125 2000 de
1139 1943 1310 1998 Bemewelle
1323 1959 1378 1997 non
1391 1952 1435 1996 est

166 2009 280 2132 3ξοῦἑῆ
328 2032 485 2102 culpabilis,
510 2050 563 2088 nec
589 2034 759 2089 Benedictus
784 2033 820 2088 de
842 2032 982 2099 Weltone,
1005 2046 1057 2086 nec
1082 2031 1166 2086 ceteri
1191 2031 1222 2085 in
1245 2030 1324 2086 breui
1348 2028 1435 2101 Regis

217 2110 223 2121 '
329 2119 474 2185 nominati,
505 2122 629 2192 exceptis
658 2130 769 2176 tantum
800 2121 911 2176 duobus
942 2119 1074 2175 videlicet
1104 2118 1248 2173 Willelmo
1279 2119 1379 2189 Wlwy,
1406 2130 1435 2173 et

332 2206 455 2262 Roberto
473 2224 606 2277 messore,
626 2208 674 2280 qui
693 2209 766 2262 inter
784 2224 814 2263 se
833 2206 1007 2263 confederati
1024 2206 1170 2262 maliciose
1188 2216 1242 2263 etc.
1281 2206 1350 2262 ldeo
1368 2222 1434 2260 con-

328 2293 482 2349 sideratum
499 2306 542 2350 est
558 2296 636 2367 quod
652 2295 794 2367 predictus
811 2296 918 2364 Symon
934 2296 1013 2349 Prior
1024 2304 1053 2349 et
1067 2294 1239 2350 Benedictus
1252 2304 1303 2349 etc.
1316 2303 1345 2350 et
1357 2293 1434 2365 quod

328 2381 446 2451 predicti
460 2382 619 2438 Willelmus
630 2383 724 2453 Wlwy
735 2392 763 2439 et
778 2383 921 2438 Robertus
934 2398 1045 2438 messor
1056 2390 1109 2437 etc.

439 2626 507 2689 126.
552 2624 656 2691 Breue
677 2626 781 2709 Regis
794 2637 859 2709 pro
881 2626 1066 2691 hominibus
1087 2626 1126 2691 dc
1150 2624 1331 2692 Cestertone.

165 2784 273 2828 'lheKin
293 2785 314 2825 ἰ
383 2779 442 2832 Rex
454 2778 612 2833 vicecomiti
626 2778 807 2848 Cantebrigie
820 2779 947 2833 salutem.
986 2776 1312 2848 Querelamtenencium
1330 2776 1433 2831 Prioris

165 2835 308 2928 ‘imos‘
327 2866 364 2921 de
376 2868 548 2923 Bernewelle
560 2867 596 2922 de
610 2868 737 2923 manerio
749 2868 785 2922 de
799 2868 965 2923 Cestertone
977 2868 1054 2938 quod
1067 2877 1110 2922 est
1119 2867 1155 2921 de
1165 2866 1282 2937 antiquo
1291 2865 1434 2921 dominico

165 2936 262 3037 ἓξὲξ,
328 2971 430 3010 corone
454 2965 550 3010 nostre
573 2955 744 3026 accepimus,
766 2956 843 3027 quod
868 2972 933 3010 curn
959 2956 1012 3026 ipsi
1034 2955 1190 3025 geldabiles
1212 2972 1268 3010 non
1290 2954 1348 3009 sint
1368 2971 1433 3010 cum

165 3036 288 3137 ssffiffi·
328 3044 530 3099 communitate
551 3053 722 3099 sectatorum
742 3044 891 3099 Hundredi
912 3044 948 3100 de
969 3046 1133 3100 Cestertone
1153 3060 1205 3100 nec
1223 3060 1288 3099 cum
1307 3044 1349 3098 eis
1367 3060 1433 3098 con·

165 3136 216 3176 rim
226 3137 282 3178 enat
327 3129 450 3185 tribuere
474 3130 596 3185 debeant
621 3147 673 3185 nec
694 3132 892 3186 consueuerint
914 3131 951 3186 ad
973 3131 1134 3186 communia
1156 3132 1376 3186 amerciarnenta
1396 3129 1434 3184 ad

164 3186 312 3278 {fflfiffi
328 3235 383 3288 que
404 3219 593 3274 communitas
614 3218 663 3272 illa
683 3219 838 3274 amerciata
859 3218 948 3288 luerit,
968 3230 997 3275 tu
1021 3220 1143 3291 prelatos
1164 3228 1292 3275 tenentes
1311 3218 1434 3288 grauiter

165 3287 300 3388 ¹335&
327 3304 473 3375 distringis
495 3306 532 3361 ad
553 3305 790 3361 contribuendum
812 3306 924 3362 cuidam
950 3307 1170 3362 amerciamento
1195 3306 1232 3361 ad
1256 3307 1333 3377 quod
1357 3304 1434 3361 dicta

164 3387 245 3429 Μ·
328 3392 517 3448 communitas
539 3393 568 3447 in
589 3394 689 3448 ultimo
710 3393 810 3450 itinere
827 3394 1047 3464 justiciariorum
1069 3404 1228 3449 nostrorum
1247 3394 1276 3447 in
1298 3396 1432 3449 comitatu

329 3491 377 3535 tuo
393 3480 484 3536 luerat
500 3482 654 3537 amerciata
670 3491 698 3536 et
710 3498 760 3536 eos
773 3482 965 3553 multipliciter
978 3483 1117 3553 inquietas
1130 3498 1165 3536 ea
1177 3482 1326 3537 occasione
1341 3482 1432 3535 minus

328 3570 402 3624 iuste
426 3570 455 3623 in
480 3570 606 3641 ipsorum
630 3570 786 3640 dampnum
812 3588 870 3626 non
895 3571 1038 3626 modicum
1062 3580 1090 3625 et
1115 3586 1269 3640 grauamen
1294 3580 1322 3623 et
1343 3570 1432 3623 nostri

328 3656 513 3727 preludicium
530 3658 719 3726 manifestum,
732 3660 881 3729 presertim
898 3676 962 3714 cum
980 3659 1033 3730 ipsi
1051 3660 1123 3714 sicut
1140 3674 1193 3713 nec
1210 3656 1293 3712 ceteri
1307 3657 1354 3727 qui
1368 3666 1432 3713 sunt

328 3747 365 3800 de
380 3745 497 3816 antiquo
513 3744 657 3800 dominico
673 3762 778 3800 corone
793 3757 890 3803 nostre
906 3747 943 3801 ad
960 3745 1122 3800 huiusmodi
1135 3742 1363 3799 contributiones
1375 3761 1431 3799 non

328 3842 484 3902 teneantur,
504 3832 556 3888 sed
574 3833 677 3888 talliari
697 3834 820 3889 debeant
841 3851 906 3889 cum
925 3836 1029 3903 burgos
1050 3842 1161 3888 nostros
1181 3832 1209 3886 in
1229 3848 1316 3902 regno
1337 3843 1432 3887 nostro

327 3922 475 3977 fecerimus
498 3921 607 3977 talliari.
646 3923 682 3976 Et
705 3924 772 3992 quia
793 3923 932 3978 sustinere
950 3923 1082 3975 nolumus
1100 3920 1176 3991 quod
1195 3920 1239 3973 ius
1257 3930 1385 3975 nostrum
1404 3920 1431 3974 in

328 4012 383 4065 hac
404 4020 485 4081 parte
506 4010 680 4081 perimetur²,
700 4010 752 4064 tibi
773 4010 944 4081 precipimus
969 4010 1042 4064 sicut
1063 4010 1133 4064 alias
1152 4009 1337 4079 precepimus,
1356 4008 1432 4079 quod

376 4189 385 4221 ¹
402 4189 503 4240 Gilbert
518 4189 551 4239 de
567 4189 708 4247 Thornton‚
725 4190 802 4240 orde
820 4190 957 4249 Torenton,
977 4204 1027 4239 was
1044 4188 1118 4239 made
1134 4187 1211 4238 chier
1229 4188 1324 4252 Justice
1343 4187 1372 4238 of
1390 4189 1432 4239 the

328 4273 418 4337 King¹s
435 4272 521 4323 Bench
537 4274 564 4322 in
583 4274 651 4337 1289.

376 4355 387 4386 ²
402 4356 567 4422 permittetur,
581 4355 638 4405 MS.
