<?xml version="1.0" encoding="UTF-8"?>
<!DOCTYPE html PUBLIC "-//W3C//DTD XHTML 1.0 Transitional//EN"
    "http://www.w3.org/TR/xhtml1/DTD/xhtml1-transitional.dtd">
<html xmlns="http://www.w3.org/1999/xhtml" xml:lang="en" lang="en">
 <head>
  <title>
</title>
<meta http-equiv="Content-Type" content="text/html;charset=utf-8" />
  <meta name='ocr-system' content='tesseract 3.04.00' />
  <meta name='ocr-capabilities' content='ocr_page ocr_carea ocr_par ocr_line ocrx_word'/>
</head>
<body>
  <div class='ocr_page' id='page_1' title='image "./libermemorandor01clargoog_0223.png"; bbox 0 0 3192 5067; ppageno 0'>
   <div class='ocr_carea' id='block_1_1' title="bbox 163 351 1265 455">
    <p class='ocr_par' dir='ltr' id='par_1_1' title="bbox 163 351 1265 455">
     <span class='ocr_line' id='line_1_1' title="bbox 163 351 1265 455; baseline 0.012 -32"><span class='ocrx_word' id='word_1_1' title='bbox 163 351 223 451; x_wconf 90' lang='lat'>111]</span> <span class='ocrx_word' id='word_1_2' title='bbox 411 355 574 454; x_wconf 79' lang='lat' dir='ltr'>Caseus</span> <span class='ocrx_word' id='word_1_3' title='bbox 592 356 750 455; x_wconf 78' lang='lat' dir='ltr'>Scutagc</span> <span class='ocrx_word' id='word_1_4' title='bbox 771 367 813 432; x_wconf 81' lang='lat' dir='ltr'>at</span> <span class='ocrx_word' id='word_1_5' title='bbox 839 357 1013 431; x_wconf 84' lang='lat' dir='ltr'>Harslon</span> <span class='ocrx_word' id='word_1_6' title='bbox 1199 377 1265 450; x_wconf 87' lang='lat'>155</span> 
     </span>
    </p>
   </div>
   <div class='ocr_carea' id='block_1_2' title="bbox 162 536 1270 933">
    <p class='ocr_par' dir='ltr' id='par_1_2' title="bbox 162 536 1270 933">
     <span class='ocr_line' id='line_1_2' title="bbox 162 536 1270 624; baseline 0.005 -27"><span class='ocrx_word' id='word_1_7' title='bbox 162 536 224 599; x_wconf 89' lang='lat' dir='ltr'>erit</span> <span class='ocrx_word' id='word_1_8' title='bbox 239 540 329 620; x_wconf 92' lang='lat' dir='ltr'>quod</span> <span class='ocrx_word' id='word_1_9' title='bbox 347 540 474 603; x_wconf 90' lang='lat' dir='ltr'>uenerit</span> <span class='ocrx_word' id='word_1_10' title='bbox 489 549 605 604; x_wconf 91' lang='lat' dir='ltr'>contra</span> <span class='ocrx_word' id='word_1_11' title='bbox 617 540 873 624; x_wconf 83' lang='lat' dir='ltr'>cyrographum,</span> <span class='ocrx_word' id='word_1_12' title='bbox 886 549 920 603; x_wconf 92' lang='lat' dir='ltr'>et</span> <span class='ocrx_word' id='word_1_13' title='bbox 932 550 1012 605; x_wconf 91' lang='lat' dir='ltr'>tunc</span> <span class='ocrx_word' id='word_1_14' title='bbox 1024 540 1270 604; x_wconf 91' lang='lat' dir='ltr'>adiudicabitur</span> 
     </span>
     <span class='ocr_line' id='line_1_3' title="bbox 162 642 1269 729; baseline 0.005 -27"><span class='ocrx_word' id='word_1_15' title='bbox 162 642 284 703; x_wconf 90' lang='lat' dir='ltr'>carceri</span> <span class='ocrx_word' id='word_1_16' title='bbox 315 651 349 705; x_wconf 90' lang='lat' dir='ltr'>et</span> <span class='ocrx_word' id='word_1_17' title='bbox 379 643 584 707; x_wconf 86' lang='lat' dir='ltr'>consiliarius</span> <span class='ocrx_word' id='word_1_18' title='bbox 610 645 689 708; x_wconf 86' lang='lat' dir='ltr'>eius</span> <span class='ocrx_word' id='word_1_19' title='bbox 735 644 837 729; x_wconf 84' lang='lat' dir='ltr'>Quod</span> <span class='ocrx_word' id='word_1_20' title='bbox 864 644 1003 708; x_wconf 89' lang='lat' dir='ltr'>audiens</span> <span class='ocrx_word' id='word_1_21' title='bbox 1029 644 1200 727; x_wconf 89' lang='lat' dir='ltr'>Johannes</span> <span class='ocrx_word' id='word_1_22' title='bbox 1226 644 1269 707; x_wconf 93' lang='lat' dir='ltr'>de</span> 
     </span>
     <span class='ocr_line' id='line_1_4' title="bbox 164 742 1269 828; baseline 0.005 -22"><span class='ocrx_word' id='word_1_23' title='bbox 164 742 434 828; x_wconf 87' lang='lat' dir='ltr'>Metheringham</span> <span class='ocrx_word' id='word_1_24' title='bbox 461 747 628 811; x_wconf 86' lang='lat' dir='ltr'>subtraxit</span> <span class='ocrx_word' id='word_1_25' title='bbox 654 768 690 811; x_wconf 93' lang='lat' dir='ltr'>se</span> <span class='ocrx_word' id='word_1_26' title='bbox 716 749 759 812; x_wconf 91' lang='lat' dir='ltr'>de</span> <span class='ocrx_word' id='word_1_27' title='bbox 789 750 860 811; x_wconf 91' lang='lat' dir='ltr'>eius</span> <span class='ocrx_word' id='word_1_28' title='bbox 888 750 1033 812; x_wconf 89' lang='lat' dir='ltr'>mulieris</span> <span class='ocrx_word' id='word_1_29' title='bbox 1060 748 1208 823; x_wconf 90' lang='lat' dir='ltr'>consilio,</span> <span class='ocrx_word' id='word_1_30' title='bbox 1235 757 1269 812; x_wconf 92' lang='lat' dir='ltr'>et</span> 
     </span>
     <span class='ocr_line' id='line_1_5' title="bbox 163 847 1108 933; baseline 0.006 -24"><span class='ocrx_word' id='word_1_31' title='bbox 163 847 235 929; x_wconf 91' lang='lat' dir='ltr'>ipsa</span> <span class='ocrx_word' id='word_1_32' title='bbox 252 847 300 911; x_wconf 92' lang='lat' dir='ltr'>de</span> <span class='ocrx_word' id='word_1_33' title='bbox 322 852 564 933; x_wconf 89' lang='lat' dir='ltr'>prosequendo,</span> <span class='ocrx_word' id='word_1_34' title='bbox 587 861 621 915; x_wconf 94' lang='lat' dir='ltr'>et</span> <span class='ocrx_word' id='word_1_35' title='bbox 644 851 720 915; x_wconf 90' lang='lat' dir='ltr'>ideo</span> <span class='ocrx_word' id='word_1_36' title='bbox 743 853 776 915; x_wconf 92' lang='lat' dir='ltr'>in</span> <span class='ocrx_word' id='word_1_37' title='bbox 801 852 1025 916; x_wconf 87' lang='lat' dir='ltr'>misericordia</span> <span class='ocrx_word' id='word_1_38' title='bbox 1048 862 1108 915; x_wconf 89' lang='lat' dir='ltr'>etc.</span> 
     </span>
    </p>
   </div>
   <div class='ocr_carea' id='block_1_3' title="bbox 234 1087 1198 1174">
    <p class='ocr_par' dir='ltr' id='par_1_3' title="bbox 234 1087 1198 1174">
     <span class='ocr_line' id='line_1_6' title="bbox 234 1087 1198 1174; baseline 0.003 -24"><span class='ocrx_word' id='word_1_39' title='bbox 234 1088 285 1168; x_wconf 90' lang='lat'>76.</span> <span class='ocrx_word' id='word_1_40' title='bbox 330 1087 496 1153; x_wconf 73' lang='lat' dir='ltr'>Placitum</span> <span class='ocrx_word' id='word_1_41' title='bbox 519 1090 557 1154; x_wconf 74' lang='lat' dir='ltr'>dc</span> <span class='ocrx_word' id='word_1_42' title='bbox 577 1092 722 1174; x_wconf 72' lang='lat' dir='ltr'>smtagio</span> <span class='ocrx_word' id='word_1_43' title='bbox 743 1091 782 1154; x_wconf 75' lang='lat' dir='ltr'>de</span> <span class='ocrx_word' id='word_1_44' title='bbox 805 1090 992 1155; x_wconf 83' lang='lat' dir='ltr'>Herlistone</span> <span class='ocrx_word' id='word_1_45' title='bbox 1012 1088 1198 1173; x_wconf 81' lang='lat' dir='ltr'>[Harston].</span> 
     </span>
    </p>
   </div>
   <div class='ocr_carea' id='block_1_4' title="bbox 229 1243 1398 1360">
    <p class='ocr_par' dir='ltr' id='par_1_4' title="bbox 229 1243 1398 1360">
     <span class='ocr_line' id='line_1_7' title="bbox 229 1243 1398 1360; baseline 0.001 -55"><span class='ocrx_word' id='word_1_46' title='bbox 229 1243 308 1307; x_wconf 88' lang='lat' dir='ltr'>Post</span> <span class='ocrx_word' id='word_1_47' title='bbox 339 1254 480 1307; x_wconf 87' lang='lat' dir='ltr'>mortem</span> <span class='ocrx_word' id='word_1_48' title='bbox 511 1245 674 1327; x_wconf 90' lang='lat' dir='ltr'>Johannis</span> <span class='ocrx_word' id='word_1_49' title='bbox 704 1247 747 1309; x_wconf 93' lang='lat' dir='ltr'>de</span> <span class='ocrx_word' id='word_1_50' title='bbox 779 1245 973 1310; x_wconf 90' lang='lat' dir='ltr'>Herlistone</span> <span class='ocrx_word' id='word_1_51' title='bbox 998 1246 1090 1308; x_wconf 87' lang='lat' dir='ltr'>venit</span> <span class='ocrx_word' id='word_1_52' title='bbox 1117 1244 1267 1327; x_wconf 89' lang='lat' dir='ltr'>Nigellus</span> <span class='ocrx_word' id='word_1_53' title='bbox 1283 1259 1398 1360; x_wconf 43' lang='grc' dir='ltr'>ἥξω</span> 
     </span>
    </p>
   </div>
   <div class='ocr_carea' id='block_1_5' title="bbox 162 1346 1426 1451">
    <p class='ocr_par' dir='ltr' id='par_1_5' title="bbox 162 1346 1426 1451">
     <span class='ocr_line' id='line_1_8' title="bbox 162 1346 1426 1451; baseline 0.006 -43"><span class='ocrx_word' id='word_1_54' title='bbox 162 1346 263 1409; x_wconf 85' lang='lat' dir='ltr'>frater</span> <span class='ocrx_word' id='word_1_55' title='bbox 291 1348 363 1412; x_wconf 90' lang='lat' dir='ltr'>eius</span> <span class='ocrx_word' id='word_1_56' title='bbox 392 1359 426 1413; x_wconf 91' lang='lat' dir='ltr'>et</span> <span class='ocrx_word' id='word_1_57' title='bbox 456 1349 551 1413; x_wconf 91' lang='lat' dir='ltr'>heres</span> <span class='ocrx_word' id='word_1_58' title='bbox 581 1361 615 1414; x_wconf 89' lang='lat' dir='ltr'>et</span> <span class='ocrx_word' id='word_1_59' title='bbox 646 1349 724 1413; x_wconf 83' lang='lat' dir='ltr'>fecit</span> <span class='ocrx_word' id='word_1_60' title='bbox 753 1349 949 1432; x_wconf 89' lang='lat' dir='ltr'>homagium</span> <span class='ocrx_word' id='word_1_61' title='bbox 986 1348 1089 1412; x_wconf 91' lang='lat' dir='ltr'>Priori</span> <span class='ocrx_word' id='word_1_62' title='bbox 1127 1347 1267 1431; x_wconf 89' lang='lat' dir='ltr'>Symoni</span> <span class='ocrx_word' id='word_1_63' title='bbox 1282 1358 1426 1451; x_wconf 55' lang='lat' dir='ltr'>ssgfflffl‘</span> 
     </span>
    </p>
   </div>
   <div class='ocr_carea' id='block_1_6' title="bbox 161 1451 1420 1561">
    <p class='ocr_par' dir='ltr' id='par_1_6' title="bbox 161 1451 1420 1561">
     <span class='ocr_line' id='line_1_9' title="bbox 161 1451 1420 1561; baseline 0.002 -48"><span class='ocrx_word' id='word_1_64' title='bbox 161 1471 222 1533; x_wconf 93' lang='lat' dir='ltr'>pro</span> <span class='ocrx_word' id='word_1_65' title='bbox 256 1451 397 1517; x_wconf 90' lang='lat' dir='ltr'>dimidio</span> <span class='ocrx_word' id='word_1_66' title='bbox 433 1453 521 1517; x_wconf 82' lang='lat' dir='ltr'>feodi</span> <span class='ocrx_word' id='word_1_67' title='bbox 559 1454 656 1517; x_wconf 88' lang='lat' dir='ltr'>unius</span> <span class='ocrx_word' id='word_1_68' title='bbox 690 1453 805 1518; x_wconf 91' lang='lat' dir='ltr'>militis</span> <span class='ocrx_word' id='word_1_69' title='bbox 835 1454 925 1536; x_wconf 93' lang='lat' dir='ltr'>quod</span> <span class='ocrx_word' id='word_1_70' title='bbox 957 1454 1000 1517; x_wconf 92' lang='lat' dir='ltr'>de</span> <span class='ocrx_word' id='word_1_71' title='bbox 1034 1474 1075 1518; x_wconf 90' lang='lat' dir='ltr'>eo</span> <span class='ocrx_word' id='word_1_72' title='bbox 1110 1454 1268 1517; x_wconf 92' lang='lat' dir='ltr'>clamauit</span> <span class='ocrx_word' id='word_1_73' title='bbox 1281 1465 1420 1561; x_wconf 49' lang='lat' dir='ltr'>{Quo</span> 
     </span>
    </p>
   </div>
   <div class='ocr_carea' id='block_1_7' title="bbox 161 1556 1416 1652">
    <p class='ocr_par' dir='ltr' id='par_1_7' title="bbox 161 1556 1416 1652">
     <span class='ocr_line' id='line_1_10' title="bbox 161 1556 1416 1652; baseline 0.006 -34"><span class='ocrx_word' id='word_1_74' title='bbox 161 1564 275 1619; x_wconf 89' lang='lat' dir='ltr'>tenere</span> <span class='ocrx_word' id='word_1_75' title='bbox 304 1556 337 1619; x_wconf 90' lang='lat' dir='ltr'>in</span> <span class='ocrx_word' id='word_1_76' title='bbox 370 1558 574 1635; x_wconf 91' lang='lat' dir='ltr'>Herlistone,</span> <span class='ocrx_word' id='word_1_77' title='bbox 599 1568 634 1622; x_wconf 90' lang='lat' dir='ltr'>et</span> <span class='ocrx_word' id='word_1_78' title='bbox 665 1557 742 1622; x_wconf 82' lang='lat' dir='ltr'>fecit</span> <span class='ocrx_word' id='word_1_79' title='bbox 771 1558 802 1621; x_wconf 89' lang='lat' dir='ltr'>ei</span> <span class='ocrx_word' id='word_1_80' title='bbox 833 1559 992 1621; x_wconf 93' lang='lat' dir='ltr'>releuium</span> <span class='ocrx_word' id='word_1_81' title='bbox 1024 1558 1416 1652; x_wconf 57' lang='lat' dir='ltr'>quinquagintaggefflf„</span> 
     </span>
    </p>
   </div>
   <div class='ocr_carea' id='block_1_8' title="bbox 161 1659 1402 1753">
    <p class='ocr_par' dir='ltr' id='par_1_8' title="bbox 161 1659 1402 1753">
     <span class='ocr_line' id='line_1_11' title="bbox 161 1659 1402 1753; baseline 0 -32"><span class='ocrx_word' id='word_1_82' title='bbox 161 1659 353 1723; x_wconf 91' lang='lat' dir='ltr'>solidorum.</span> <span class='ocrx_word' id='word_1_83' title='bbox 399 1661 557 1725; x_wconf 86' lang='lat' dir='ltr'>Processu</span> <span class='ocrx_word' id='word_1_84' title='bbox 583 1663 744 1744; x_wconf 88' lang='lat' dir='ltr'>temporis</span> <span class='ocrx_word' id='word_1_85' title='bbox 768 1661 905 1744; x_wconf 87' lang='lat' dir='ltr'>petebat</span> <span class='ocrx_word' id='word_1_86' title='bbox 929 1662 972 1725; x_wconf 89' lang='lat' dir='ltr'>ab</span> <span class='ocrx_word' id='word_1_87' title='bbox 999 1681 1039 1725; x_wconf 90' lang='lat' dir='ltr'>eo</span> <span class='ocrx_word' id='word_1_88' title='bbox 1065 1661 1158 1725; x_wconf 89' lang='lat' dir='ltr'>Prior</span> <span class='ocrx_word' id='word_1_89' title='bbox 1181 1682 1266 1726; x_wconf 88' lang='lat' dir='ltr'>.xx.</span> <span class='ocrx_word' id='word_1_90' title='bbox 1281 1661 1402 1753; x_wconf 45' lang='lat'>222⁰&amp;</span> 
     </span>
    </p>
   </div>
   <div class='ocr_carea' id='block_1_9' title="bbox 160 1760 1415 2260">
    <p class='ocr_par' dir='ltr' id='par_1_9' title="bbox 160 1760 1415 2057">
     <span class='ocr_line' id='line_1_12' title="bbox 161 1760 1415 1855; baseline 0.002 -30"><span class='ocrx_word' id='word_1_91' title='bbox 161 1762 288 1828; x_wconf 91' lang='lat' dir='ltr'>solidos</span> <span class='ocrx_word' id='word_1_92' title='bbox 312 1785 372 1847; x_wconf 93' lang='lat' dir='ltr'>pro</span> <span class='ocrx_word' id='word_1_93' title='bbox 395 1767 547 1848; x_wconf 90' lang='lat' dir='ltr'>scutagio</span> <span class='ocrx_word' id='word_1_94' title='bbox 570 1765 707 1848; x_wconf 91' lang='lat' dir='ltr'>quando</span> <span class='ocrx_word' id='word_1_95' title='bbox 733 1766 885 1828; x_wconf 86' lang='lat' dir='ltr'>currebat</span> <span class='ocrx_word' id='word_1_96' title='bbox 911 1766 1093 1829; x_wconf 91' lang='lat' dir='ltr'>secundum</span> <span class='ocrx_word' id='word_1_97' title='bbox 1124 1764 1267 1828; x_wconf 85' lang='lat' dir='ltr'>formam</span> <span class='ocrx_word' id='word_1_98' title='bbox 1280 1760 1415 1855; x_wconf 55' lang='lat' dir='ltr'>gflffim</span> 
     </span>
     <span class='ocr_line' id='line_1_13' title="bbox 160 1868 1404 1955; baseline 0.002 -24"><span class='ocrx_word' id='word_1_99' title='bbox 160 1878 251 1932; x_wconf 90' lang='lat' dir='ltr'>carte</span> <span class='ocrx_word' id='word_1_100' title='bbox 281 1870 383 1933; x_wconf 86' lang='lat' dir='ltr'>Alani</span> <span class='ocrx_word' id='word_1_101' title='bbox 414 1872 457 1935; x_wconf 89' lang='lat' dir='ltr'>de</span> <span class='ocrx_word' id='word_1_102' title='bbox 490 1871 683 1935; x_wconf 90' lang='lat' dir='ltr'>Herlistone</span> <span class='ocrx_word' id='word_1_103' title='bbox 718 1871 773 1934; x_wconf 89' lang='lat' dir='ltr'>aui</span> <span class='ocrx_word' id='word_1_104' title='bbox 808 1871 869 1947; x_wconf 92' lang='lat' dir='ltr'>sui,</span> <span class='ocrx_word' id='word_1_105' title='bbox 898 1870 957 1933; x_wconf 91' lang='lat' dir='ltr'>sed</span> <span class='ocrx_word' id='word_1_106' title='bbox 988 1868 1076 1933; x_wconf 91' lang='lat' dir='ltr'>idern</span> <span class='ocrx_word' id='word_1_107' title='bbox 1114 1869 1145 1932; x_wconf 96' lang='lat' dir='ltr'>N</span> <span class='ocrx_word' id='word_1_108' title='bbox 1150 1869 1266 1953; x_wconf 88' lang='lat' dir='ltr'>igellus</span> <span class='ocrx_word' id='word_1_109' title='bbox 1281 1873 1404 1955; x_wconf 44' lang='lat' dir='ltr'>affin·</span> 
     </span>
     <span class='ocr_line' id='line_1_14' title="bbox 160 1973 1267 2057; baseline 0.002 -20"><span class='ocrx_word' id='word_1_110' title='bbox 160 1976 348 2057; x_wconf 85' lang='lat' dir='ltr'>scutagium</span> <span class='ocrx_word' id='word_1_111' title='bbox 384 1977 464 2041; x_wconf 90' lang='lat' dir='ltr'>dare</span> <span class='ocrx_word' id='word_1_112' title='bbox 499 1977 713 2040; x_wconf 86' lang='lat' dir='ltr'>contradixit.</span> <span class='ocrx_word' id='word_1_113' title='bbox 775 1973 990 2057; x_wconf 86' lang='lat' dir='ltr'>Quapropter</span> <span class='ocrx_word' id='word_1_114' title='bbox 1022 1973 1113 2037; x_wconf 91' lang='lat' dir='ltr'>Prior</span> <span class='ocrx_word' id='word_1_115' title='bbox 1142 1973 1267 2039; x_wconf 90' lang='lat' dir='ltr'>leuauit</span> 
     </span>
    </p>

    <p class='ocr_par' dir='ltr' id='par_1_10' title="bbox 161 2076 1267 2162">
     <span class='ocr_line' id='line_1_15' title="bbox 161 2076 1267 2162; baseline 0.001 -21"><span class='ocrx_word' id='word_1_116' title='bbox 161 2079 262 2142; x_wconf 89' lang='lat' dir='ltr'>breue</span> <span class='ocrx_word' id='word_1_117' title='bbox 287 2079 391 2162; x_wconf 91' lang='lat' dir='ltr'>Regis</span> <span class='ocrx_word' id='word_1_118' title='bbox 414 2100 528 2143; x_wconf 92' lang='lat' dir='ltr'>uersus</span> <span class='ocrx_word' id='word_1_119' title='bbox 550 2081 695 2143; x_wconf 91' lang='lat' dir='ltr'>eundem</span> <span class='ocrx_word' id='word_1_120' title='bbox 712 2077 883 2161; x_wconf 88' lang='lat' dir='ltr'>Nigellum</span> <span class='ocrx_word' id='word_1_121' title='bbox 899 2078 933 2140; x_wconf 95' lang='lat' dir='ltr'>in</span> <span class='ocrx_word' id='word_1_122' title='bbox 955 2078 1071 2140; x_wconf 90' lang='lat' dir='ltr'>itinere</span> <span class='ocrx_word' id='word_1_123' title='bbox 1092 2076 1267 2159; x_wconf 89' lang='lat' dir='ltr'>justiciari-</span> 
     </span>
    </p>

    <p class='ocr_par' dir='ltr' id='par_1_11' title="bbox 160 2182 843 2260">
     <span class='ocr_line' id='line_1_16' title="bbox 160 2182 843 2260; baseline -0.001 -16"><span class='ocrx_word' id='word_1_124' title='bbox 160 2203 255 2245; x_wconf 92' lang='lat' dir='ltr'>orum</span> <span class='ocrx_word' id='word_1_125' title='bbox 271 2192 342 2260; x_wconf 81' lang='lat' dir='ltr'>etc,</span> <span class='ocrx_word' id='word_1_126' title='bbox 357 2184 445 2247; x_wconf 90' lang='lat' dir='ltr'>vnde</span> <span class='ocrx_word' id='word_1_127' title='bbox 461 2183 657 2247; x_wconf 90' lang='lat' dir='ltr'>inrotulacio</span> <span class='ocrx_word' id='word_1_128' title='bbox 673 2182 749 2246; x_wconf 89' lang='lat' dir='ltr'>talis</span> <span class='ocrx_word' id='word_1_129' title='bbox 764 2188 843 2245; x_wconf 81' lang='lat' dir='ltr'>est¹z</span> 
     </span>
    </p>
   </div>
   <div class='ocr_carea' id='block_1_10' title="bbox 157 2301 1290 3784">
    <p class='ocr_par' dir='ltr' id='par_1_12' title="bbox 157 2301 1268 3596">
     <span class='ocr_line' id='line_1_17' title="bbox 215 2301 1268 2373; baseline 0.001 -16"><span class='ocrx_word' id='word_1_130' title='bbox 215 2302 345 2373; x_wconf 86' lang='lat' dir='ltr'>Nigellus</span> <span class='ocrx_word' id='word_1_131' title='bbox 357 2305 393 2359; x_wconf 91' lang='lat' dir='ltr'>de</span> <span class='ocrx_word' id='word_1_132' title='bbox 409 2304 570 2359; x_wconf 84' lang='lat' dir='ltr'>Herlistone</span> <span class='ocrx_word' id='word_1_133' title='bbox 583 2302 771 2358; x_wconf 82' lang='lat' dir='ltr'>summonitus</span> <span class='ocrx_word' id='word_1_134' title='bbox 783 2302 835 2356; x_wconf 84' lang='lat' dir='ltr'>fuit</span> <span class='ocrx_word' id='word_1_135' title='bbox 848 2302 885 2356; x_wconf 91' lang='lat' dir='ltr'>ad</span> <span class='ocrx_word' id='word_1_136' title='bbox 895 2301 1122 2371; x_wconf 88' lang='lat' dir='ltr'>respondendum</span> <span class='ocrx_word' id='word_1_137' title='bbox 1135 2301 1221 2357; x_wconf 90' lang='lat' dir='ltr'>Priori</span> <span class='ocrx_word' id='word_1_138' title='bbox 1232 2304 1268 2358; x_wconf 88' lang='lat' dir='ltr'>de</span> 
     </span>
     <span class='ocr_line' id='line_1_18' title="bbox 162 2390 1267 2463; baseline 0.002 -18"><span class='ocrx_word' id='word_1_139' title='bbox 162 2392 334 2447; x_wconf 80' lang='lat' dir='ltr'>Berneuelle</span> <span class='ocrx_word' id='word_1_140' title='bbox 343 2394 379 2448; x_wconf 88' lang='lat' dir='ltr'>de</span> <span class='ocrx_word' id='word_1_141' title='bbox 391 2392 495 2463; x_wconf 88' lang='lat' dir='ltr'>placito</span> <span class='ocrx_word' id='word_1_142' title='bbox 508 2392 585 2462; x_wconf 89' lang='lat' dir='ltr'>quod</span> <span class='ocrx_word' id='word_1_143' title='bbox 594 2391 679 2447; x_wconf 84' lang='lat' dir='ltr'>iaciat</span> <span class='ocrx_word' id='word_1_144' title='bbox 692 2390 717 2446; x_wconf 88' lang='lat' dir='ltr'>ei</span> <span class='ocrx_word' id='word_1_145' title='bbox 730 2391 948 2445; x_wconf 88' lang='lat' dir='ltr'>consuetudines</span> <span class='ocrx_word' id='word_1_146' title='bbox 961 2398 989 2444; x_wconf 93' lang='lat' dir='ltr'>et</span> <span class='ocrx_word' id='word_1_147' title='bbox 999 2399 1076 2444; x_wconf 87' lang='lat' dir='ltr'>recta</span> <span class='ocrx_word' id='word_1_148' title='bbox 1084 2390 1203 2446; x_wconf 90' lang='lat' dir='ltr'>seruicia</span> <span class='ocrx_word' id='word_1_149' title='bbox 1212 2408 1267 2461; x_wconf 89' lang='lat' dir='ltr'>que</span> 
     </span>
     <span class='ocr_line' id='line_1_19' title="bbox 160 2477 1265 2550; baseline 0 -15"><span class='ocrx_word' id='word_1_150' title='bbox 160 2479 185 2535; x_wconf 90' lang='lat' dir='ltr'>ei</span> <span class='ocrx_word' id='word_1_151' title='bbox 197 2482 290 2535; x_wconf 79' lang='lat' dir='ltr'>facere</span> <span class='ocrx_word' id='word_1_152' title='bbox 303 2481 388 2536; x_wconf 88' lang='lat' dir='ltr'>debet</span> <span class='ocrx_word' id='word_1_153' title='bbox 400 2481 436 2537; x_wconf 88' lang='lat' dir='ltr'>de</span> <span class='ocrx_word' id='word_1_154' title='bbox 449 2480 537 2537; x_wconf 90' lang='lat' dir='ltr'>libero</span> <span class='ocrx_word' id='word_1_155' title='bbox 550 2490 713 2536; x_wconf 88' lang='lat' dir='ltr'>tenemento</span> <span class='ocrx_word' id='word_1_156' title='bbox 726 2497 777 2535; x_wconf 87' lang='lat' dir='ltr'>suo</span> <span class='ocrx_word' id='word_1_157' title='bbox 789 2479 865 2550; x_wconf 93' lang='lat' dir='ltr'>quod</span> <span class='ocrx_word' id='word_1_158' title='bbox 879 2480 915 2533; x_wconf 89' lang='lat' dir='ltr'>de</span> <span class='ocrx_word' id='word_1_159' title='bbox 928 2495 962 2533; x_wconf 92' lang='lat' dir='ltr'>eo</span> <span class='ocrx_word' id='word_1_160' title='bbox 975 2488 1050 2533; x_wconf 88' lang='lat' dir='ltr'>tenet</span> <span class='ocrx_word' id='word_1_161' title='bbox 1064 2477 1092 2531; x_wconf 90' lang='lat' dir='ltr'>in</span> <span class='ocrx_word' id='word_1_162' title='bbox 1105 2480 1265 2535; x_wconf 85' lang='lat' dir='ltr'>Harleston.</span> 
     </span>
     <span class='ocr_line' id='line_1_20' title="bbox 160 2567 1266 2641; baseline 0 -18"><span class='ocrx_word' id='word_1_163' title='bbox 160 2569 198 2623; x_wconf 91' lang='lat' dir='ltr'>Et</span> <span class='ocrx_word' id='word_1_164' title='bbox 219 2570 294 2624; x_wconf 87' lang='lat' dir='ltr'>vnde</span> <span class='ocrx_word' id='word_1_165' title='bbox 312 2569 380 2624; x_wconf 90' lang='lat' dir='ltr'>dicit</span> <span class='ocrx_word' id='word_1_166' title='bbox 399 2571 475 2641; x_wconf 90' lang='lat' dir='ltr'>quod</span> <span class='ocrx_word' id='word_1_167' title='bbox 494 2588 559 2626; x_wconf 88' lang='lat' dir='ltr'>curn</span> <span class='ocrx_word' id='word_1_168' title='bbox 579 2568 721 2641; x_wconf 87' lang='lat' dir='ltr'>predictus</span> <span class='ocrx_word' id='word_1_169' title='bbox 744 2569 873 2638; x_wconf 86' lang='lat' dir='ltr'>Nigellus</span> <span class='ocrx_word' id='word_1_170' title='bbox 893 2577 996 2635; x_wconf 88' lang='lat' dir='ltr'>teneat,</span> <span class='ocrx_word' id='word_1_171' title='bbox 1018 2576 1046 2621; x_wconf 90' lang='lat' dir='ltr'>et</span> <span class='ocrx_word' id='word_1_172' title='bbox 1064 2567 1100 2621; x_wconf 87' lang='lat' dir='ltr'>de</span> <span class='ocrx_word' id='word_1_173' title='bbox 1118 2583 1153 2621; x_wconf 89' lang='lat' dir='ltr'>eo</span> <span class='ocrx_word' id='word_1_174' title='bbox 1171 2576 1266 2624; x_wconf 87' lang='lat' dir='ltr'>tenere</span> 
     </span>
     <span class='ocr_line' id='line_1_21' title="bbox 159 2654 1265 2727; baseline -0.001 -16"><span class='ocrx_word' id='word_1_175' title='bbox 159 2658 270 2725; x_wconf 88' lang='lat' dir='ltr'>debeat,</span> <span class='ocrx_word' id='word_1_176' title='bbox 281 2657 429 2713; x_wconf 90' lang='lat' dir='ltr'>dimidium</span> <span class='ocrx_word' id='word_1_177' title='bbox 442 2658 557 2713; x_wconf 82' lang='lat' dir='ltr'>feodum</span> <span class='ocrx_word' id='word_1_178' title='bbox 566 2656 662 2711; x_wconf 89' lang='lat' dir='ltr'>militis</span> <span class='ocrx_word' id='word_1_179' title='bbox 675 2656 703 2710; x_wconf 90' lang='lat' dir='ltr'>in</span> <span class='ocrx_word' id='word_1_180' title='bbox 713 2656 839 2727; x_wconf 88' lang='lat' dir='ltr'>predicta</span> <span class='ocrx_word' id='word_1_181' title='bbox 850 2654 916 2709; x_wconf 89' lang='lat' dir='ltr'>uilla</span> <span class='ocrx_word' id='word_1_182' title='bbox 926 2672 977 2725; x_wconf 87' lang='lat' dir='ltr'>per</span> <span class='ocrx_word' id='word_1_183' title='bbox 986 2654 1135 2710; x_wconf 89' lang='lat' dir='ltr'>seruicium</span> <span class='ocrx_word' id='word_1_184' title='bbox 1145 2654 1265 2710; x_wconf 83' lang='lat' dir='ltr'>faciendi</span> 
     </span>
     <span class='ocr_line' id='line_1_22' title="bbox 159 2742 1266 2815; baseline -0.002 -14"><span class='ocrx_word' id='word_1_185' title='bbox 159 2745 185 2801; x_wconf 90' lang='lat' dir='ltr'>ei</span> <span class='ocrx_word' id='word_1_186' title='bbox 202 2746 368 2815; x_wconf 84' lang='lat' dir='ltr'>homagium</span> <span class='ocrx_word' id='word_1_187' title='bbox 380 2756 408 2801; x_wconf 85' lang='lat' dir='ltr'>et</span> <span class='ocrx_word' id='word_1_188' title='bbox 425 2746 545 2801; x_wconf 77' lang='lat' dir='ltr'>faciendi</span> <span class='ocrx_word' id='word_1_189' title='bbox 559 2746 583 2801; x_wconf 92' lang='lat' dir='ltr'>ei</span> <span class='ocrx_word' id='word_1_190' title='bbox 600 2746 758 2814; x_wconf 88' lang='lat' dir='ltr'>scutagium</span> <span class='ocrx_word' id='word_1_191' title='bbox 776 2754 915 2815; x_wconf 88' lang='lat' dir='ltr'>quantum</span> <span class='ocrx_word' id='word_1_192' title='bbox 932 2743 1053 2814; x_wconf 89' lang='lat' dir='ltr'>pertinet</span> <span class='ocrx_word' id='word_1_193' title='bbox 1068 2744 1105 2798; x_wconf 91' lang='lat' dir='ltr'>ad</span> <span class='ocrx_word' id='word_1_194' title='bbox 1118 2742 1266 2799; x_wconf 90' lang='lat' dir='ltr'>dimidium</span> 
     </span>
     <span class='ocr_line' id='line_1_23' title="bbox 159 2832 1265 2904; baseline -0.001 -15"><span class='ocrx_word' id='word_1_195' title='bbox 159 2834 274 2891; x_wconf 83' lang='lat' dir='ltr'>feodum</span> <span class='ocrx_word' id='word_1_196' title='bbox 286 2834 383 2890; x_wconf 89' lang='lat' dir='ltr'>militis</span> <span class='ocrx_word' id='word_1_197' title='bbox 396 2851 461 2889; x_wconf 86' lang='lat' dir='ltr'>curn</span> <span class='ocrx_word' id='word_1_198' title='bbox 477 2834 619 2903; x_wconf 87' lang='lat' dir='ltr'>acciderit,</span> <span class='ocrx_word' id='word_1_199' title='bbox 632 2844 660 2889; x_wconf 90' lang='lat' dir='ltr'>et</span> <span class='ocrx_word' id='word_1_200' title='bbox 672 2851 723 2904; x_wconf 89' lang='lat' dir='ltr'>per</span> <span class='ocrx_word' id='word_1_201' title='bbox 735 2833 884 2888; x_wconf 78' lang='lat' dir='ltr'>seruitium</span> <span class='ocrx_word' id='word_1_202' title='bbox 897 2832 1019 2888; x_wconf 82' lang='lat' dir='ltr'>faciendi</span> <span class='ocrx_word' id='word_1_203' title='bbox 1037 2832 1061 2887; x_wconf 89' lang='lat' dir='ltr'>ei</span> <span class='ocrx_word' id='word_1_204' title='bbox 1075 2834 1146 2887; x_wconf 90' lang='lat' dir='ltr'>duos</span> <span class='ocrx_word' id='word_1_205' title='bbox 1160 2832 1265 2889; x_wconf 83' lang='lat' dir='ltr'>solidos</span> 
     </span>
     <span class='ocr_line' id='line_1_24' title="bbox 159 2920 1265 2994; baseline -0.003 -16"><span class='ocrx_word' id='word_1_206' title='bbox 159 2924 285 2994; x_wconf 88' lang='lat' dir='ltr'>quolibet</span> <span class='ocrx_word' id='word_1_207' title='bbox 298 2922 385 2978; x_wconf 88' lang='lat' dir='ltr'>tercio</span> <span class='ocrx_word' id='word_1_208' title='bbox 397 2939 474 2977; x_wconf 89' lang='lat' dir='ltr'>anno</span> <span class='ocrx_word' id='word_1_209' title='bbox 486 2924 524 2977; x_wconf 92' lang='lat' dir='ltr'>ad</span> <span class='ocrx_word' id='word_1_210' title='bbox 536 2923 695 2978; x_wconf 87' lang='lat' dir='ltr'>custodiam</span> <span class='ocrx_word' id='word_1_211' title='bbox 707 2921 793 2977; x_wconf 88' lang='lat' dir='ltr'>castri</span> <span class='ocrx_word' id='word_1_212' title='bbox 806 2921 843 2975; x_wconf 91' lang='lat' dir='ltr'>de</span> <span class='ocrx_word' id='word_1_213' title='bbox 861 2921 1049 2990; x_wconf 84' lang='lat' dir='ltr'>Rokingham,</span> <span class='ocrx_word' id='word_1_214' title='bbox 1063 2931 1091 2975; x_wconf 92' lang='lat' dir='ltr'>et</span> <span class='ocrx_word' id='word_1_215' title='bbox 1108 2921 1144 2976; x_wconf 90' lang='lat' dir='ltr'>de</span> <span class='ocrx_word' id='word_1_216' title='bbox 1163 2920 1265 2992; x_wconf 90' lang='lat' dir='ltr'>quibus</span> 
     </span>
     <span class='ocr_line' id='line_1_25' title="bbox 159 3007 1266 3082; baseline -0.002 -17"><span class='ocrx_word' id='word_1_217' title='bbox 159 3012 286 3082; x_wconf 89' lang='lat' dir='ltr'>seruicijs</span> <span class='ocrx_word' id='word_1_218' title='bbox 305 3012 421 3082; x_wconf 87' lang='lat' dir='ltr'>quidam</span> <span class='ocrx_word' id='word_1_219' title='bbox 437 3012 555 3082; x_wconf 74' lang='lat' dir='ltr'>jolanus</span> <span class='ocrx_word' id='word_1_220' title='bbox 575 3011 720 3082; x_wconf 87' lang='lat' dir='ltr'>quondam</span> <span class='ocrx_word' id='word_1_221' title='bbox 739 3008 819 3063; x_wconf 92' lang='lat' dir='ltr'>Prior</span> <span class='ocrx_word' id='word_1_222' title='bbox 837 3008 872 3063; x_wconf 91' lang='lat' dir='ltr'>de</span> <span class='ocrx_word' id='word_1_223' title='bbox 893 3007 1063 3065; x_wconf 84' lang='lat' dir='ltr'>Bemewelle</span> <span class='ocrx_word' id='word_1_224' title='bbox 1082 3008 1266 3079; x_wconf 84' lang='lat' dir='ltr'>predecessor</span> 
     </span>
     <span class='ocr_line' id='line_1_26' title="bbox 159 3094 1264 3168; baseline -0.003 -14"><span class='ocrx_word' id='word_1_225' title='bbox 159 3116 227 3155; x_wconf 87' lang='lat' dir='ltr'>suus</span> <span class='ocrx_word' id='word_1_226' title='bbox 248 3097 299 3153; x_wconf 86' lang='lat' dir='ltr'>fuit</span> <span class='ocrx_word' id='word_1_227' title='bbox 318 3098 448 3168; x_wconf 78' lang='lat' dir='ltr'>seysitus,</span> <span class='ocrx_word' id='word_1_228' title='bbox 465 3098 572 3154; x_wconf 89' lang='lat' dir='ltr'>scilicet</span> <span class='ocrx_word' id='word_1_229' title='bbox 591 3099 627 3153; x_wconf 87' lang='lat' dir='ltr'>de</span> <span class='ocrx_word' id='word_1_230' title='bbox 645 3097 772 3168; x_wconf 87' lang='lat' dir='ltr'>predicto</span> <span class='ocrx_word' id='word_1_231' title='bbox 790 3094 925 3165; x_wconf 85' lang='lat' dir='ltr'>homagio</span> <span class='ocrx_word' id='word_1_232' title='bbox 942 3106 972 3150; x_wconf 88' lang='lat' dir='ltr'>vt</span> <span class='ocrx_word' id='word_1_233' title='bbox 991 3096 1027 3150; x_wconf 90' lang='lat' dir='ltr'>de</span> <span class='ocrx_word' id='word_1_234' title='bbox 1045 3095 1129 3150; x_wconf 82' lang='lat' dir='ltr'>feodo</span> <span class='ocrx_word' id='word_1_235' title='bbox 1147 3104 1175 3151; x_wconf 89' lang='lat' dir='ltr'>et</span> <span class='ocrx_word' id='word_1_236' title='bbox 1194 3096 1264 3165; x_wconf 90' lang='lat' dir='ltr'>jure,</span> 
     </span>
     <span class='ocr_line' id='line_1_27' title="bbox 159 3181 1264 3257; baseline -0.003 -16"><span class='ocrx_word' id='word_1_237' title='bbox 159 3197 187 3242; x_wconf 88' lang='lat' dir='ltr'>et</span> <span class='ocrx_word' id='word_1_238' title='bbox 200 3188 236 3242; x_wconf 88' lang='lat' dir='ltr'>de</span> <span class='ocrx_word' id='word_1_239' title='bbox 248 3186 382 3257; x_wconf 87' lang='lat' dir='ltr'>predictis</span> <span class='ocrx_word' id='word_1_240' title='bbox 394 3185 521 3255; x_wconf 85' lang='lat' dir='ltr'>scutagio</span> <span class='ocrx_word' id='word_1_241' title='bbox 535 3195 563 3240; x_wconf 87' lang='lat' dir='ltr'>et</span> <span class='ocrx_word' id='word_1_242' title='bbox 580 3186 691 3240; x_wconf 90' lang='lat' dir='ltr'>duobus</span> <span class='ocrx_word' id='word_1_243' title='bbox 708 3183 806 3238; x_wconf 84' lang='lat' dir='ltr'>solidis</span> <span class='ocrx_word' id='word_1_244' title='bbox 820 3182 849 3237; x_wconf 87' lang='lat' dir='ltr'>in</span> <span class='ocrx_word' id='word_1_245' title='bbox 865 3181 1009 3237; x_wconf 87' lang='lat' dir='ltr'>dominico</span> <span class='ocrx_word' id='word_1_246' title='bbox 1025 3200 1077 3237; x_wconf 91' lang='lat' dir='ltr'>suo</span> <span class='ocrx_word' id='word_1_247' title='bbox 1090 3192 1119 3236; x_wconf 94' lang='lat' dir='ltr'>ut</span> <span class='ocrx_word' id='word_1_248' title='bbox 1133 3184 1169 3239; x_wconf 88' lang='lat' dir='ltr'>de</span> <span class='ocrx_word' id='word_1_249' title='bbox 1180 3181 1264 3238; x_wconf 87' lang='lat' dir='ltr'>t&#39;eodo</span> 
     </span>
     <span class='ocr_line' id='line_1_28' title="bbox 158 3270 1264 3347; baseline -0.005 -15"><span class='ocrx_word' id='word_1_250' title='bbox 158 3286 187 3332; x_wconf 92' lang='lat' dir='ltr'>et</span> <span class='ocrx_word' id='word_1_251' title='bbox 195 3277 259 3347; x_wconf 90' lang='lat' dir='ltr'>jure</span> <span class='ocrx_word' id='word_1_252' title='bbox 266 3274 385 3331; x_wconf 87' lang='lat' dir='ltr'>ecclesie</span> <span class='ocrx_word' id='word_1_253' title='bbox 397 3292 448 3331; x_wconf 83' lang='lat' dir='ltr'>sue</span> <span class='ocrx_word' id='word_1_254' title='bbox 460 3273 551 3329; x_wconf 90' lang='lat' dir='ltr'>sancti</span> <span class='ocrx_word' id='word_1_255' title='bbox 565 3272 658 3343; x_wconf 84' lang='lat' dir='ltr'>Egidij</span> <span class='ocrx_word' id='word_1_256' title='bbox 672 3273 709 3327; x_wconf 89' lang='lat' dir='ltr'>de</span> <span class='ocrx_word' id='word_1_257' title='bbox 723 3272 894 3327; x_wconf 84' lang='lat' dir='ltr'>Bernewelle</span> <span class='ocrx_word' id='word_1_258' title='bbox 908 3281 1034 3340; x_wconf 88' lang='lat' dir='ltr'>tempore</span> <span class='ocrx_word' id='word_1_259' title='bbox 1047 3270 1125 3341; x_wconf 88' lang='lat' dir='ltr'>pacis</span> <span class='ocrx_word' id='word_1_260' title='bbox 1138 3280 1264 3340; x_wconf 89' lang='lat' dir='ltr'>tempore</span> 
     </span>
     <span class='ocr_line' id='line_1_29' title="bbox 158 3356 1264 3435; baseline -0.005 -15"><span class='ocrx_word' id='word_1_261' title='bbox 158 3364 265 3420; x_wconf 90' lang='lat' dir='ltr'>domini</span> <span class='ocrx_word' id='word_1_262' title='bbox 290 3360 431 3435; x_wconf 89' lang='lat' dir='ltr'>H[enrici]</span> <span class='ocrx_word' id='word_1_263' title='bbox 456 3361 543 3432; x_wconf 87' lang='lat' dir='ltr'>Regis</span> <span class='ocrx_word' id='word_1_264' title='bbox 567 3360 655 3431; x_wconf 91' lang='lat' dir='ltr'>patris</span> <span class='ocrx_word' id='word_1_265' title='bbox 680 3359 788 3415; x_wconf 90' lang='lat' dir='ltr'>domini</span> <span class='ocrx_word' id='word_1_266' title='bbox 815 3359 901 3427; x_wconf 85' lang='lat' dir='ltr'>Regis</span> <span class='ocrx_word' id='word_1_267' title='bbox 926 3375 1009 3427; x_wconf 88' lang='lat' dir='ltr'>nunc,</span> <span class='ocrx_word' id='word_1_268' title='bbox 1034 3356 1173 3428; x_wconf 86' lang='lat' dir='ltr'>capiendo</span> <span class='ocrx_word' id='word_1_269' title='bbox 1198 3359 1264 3415; x_wconf 86' lang='lat' dir='ltr'>inde</span> 
     </span>
     <span class='ocr_line' id='line_1_30' title="bbox 157 3443 1263 3523; baseline -0.005 -16"><span class='ocrx_word' id='word_1_270' title='bbox 157 3452 283 3523; x_wconf 87' lang='lat' dir='ltr'>explecia</span> <span class='ocrx_word' id='word_1_271' title='bbox 298 3452 336 3506; x_wconf 94' lang='lat' dir='ltr'>ad</span> <span class='ocrx_word' id='word_1_272' title='bbox 347 3450 506 3505; x_wconf 82' lang='lat' dir='ltr'>valenciam</span> <span class='ocrx_word' id='word_1_273' title='bbox 518 3458 570 3503; x_wconf 89' lang='lat' dir='ltr'>etc.</span> <span class='ocrx_word' id='word_1_274' title='bbox 612 3448 651 3503; x_wconf 89' lang='lat' dir='ltr'>Et</span> <span class='ocrx_word' id='word_1_275' title='bbox 663 3448 740 3518; x_wconf 93' lang='lat' dir='ltr'>quod</span> <span class='ocrx_word' id='word_1_276' title='bbox 752 3447 809 3501; x_wconf 88' lang='lat' dir='ltr'>tale</span> <span class='ocrx_word' id='word_1_277' title='bbox 822 3446 857 3501; x_wconf 89' lang='lat' dir='ltr'>sit</span> <span class='ocrx_word' id='word_1_278' title='bbox 872 3444 919 3514; x_wconf 86' lang='lat' dir='ltr'>jus</span> <span class='ocrx_word' id='word_1_279' title='bbox 932 3444 1052 3500; x_wconf 85' lang='lat' dir='ltr'>ecclesie</span> <span class='ocrx_word' id='word_1_280' title='bbox 1064 3460 1114 3498; x_wconf 90' lang='lat' dir='ltr'>sue</span> <span class='ocrx_word' id='word_1_281' title='bbox 1130 3443 1263 3515; x_wconf 88' lang='lat' dir='ltr'>predicte,</span> 
     </span>
     <span class='ocr_line' id='line_1_31' title="bbox 158 3538 1056 3596; baseline -0.003 0"><span class='ocrx_word' id='word_1_282' title='bbox 158 3542 239 3596; x_wconf 84' lang='lat' dir='ltr'>offert</span> <span class='ocrx_word' id='word_1_283' title='bbox 258 3538 326 3596; x_wconf 67' lang='grc' dir='ltr'>εῐε.2</span> <span class='ocrx_word' id='word_1_284' title='bbox 1053 3556 1056 3563; x_wconf 96' lang='grc'><strong><em>·</em></strong></span> 
     </span>
    </p>

    <p class='ocr_par' dir='ltr' id='par_1_13' title="bbox 158 3623 1290 3784">
     <span class='ocr_line' id='line_1_32' title="bbox 212 3623 1287 3697; baseline -0.005 -14"><span class='ocrx_word' id='word_1_285' title='bbox 212 3630 250 3685; x_wconf 89' lang='lat' dir='ltr'>Et</span> <span class='ocrx_word' id='word_1_286' title='bbox 261 3628 391 3697; x_wconf 83' lang='lat' dir='ltr'>Nigellus</span> <span class='ocrx_word' id='word_1_287' title='bbox 400 3626 477 3683; x_wconf 88' lang='lat' dir='ltr'>venit</span> <span class='ocrx_word' id='word_1_288' title='bbox 490 3636 518 3681; x_wconf 90' lang='lat' dir='ltr'>et</span> <span class='ocrx_word' id='word_1_289' title='bbox 531 3625 658 3681; x_wconf 86' lang='lat' dir='ltr'>defendit</span> <span class='ocrx_word' id='word_1_290' title='bbox 670 3635 733 3690; x_wconf 68' lang='lat' dir='ltr'>etc„</span> <span class='ocrx_word' id='word_1_291' title='bbox 743 3632 772 3679; x_wconf 86' lang='lat' dir='ltr'>et</span> <span class='ocrx_word' id='word_1_292' title='bbox 784 3624 853 3678; x_wconf 92' lang='lat' dir='ltr'>dicit</span> <span class='ocrx_word' id='word_1_293' title='bbox 865 3623 941 3693; x_wconf 89' lang='lat' dir='ltr'>quod</span> <span class='ocrx_word' id='word_1_294' title='bbox 954 3638 1011 3676; x_wconf 91' lang='lat' dir='ltr'>non</span> <span class='ocrx_word' id='word_1_295' title='bbox 1024 3631 1135 3677; x_wconf 90' lang='lat' dir='ltr'>tenetur</span> <span class='ocrx_word' id='word_1_296' title='bbox 1148 3638 1262 3693; x_wconf 89' lang='lat' dir='ltr'>respon·</span> <span class='ocrx_word' id='word_1_297' title='bbox 1283 3632 1287 3684; x_wconf 80' lang='lat' dir='ltr'>t</span> 
     </span>
     <span class='ocr_line' id='line_1_33' title="bbox 158 3703 1290 3784; baseline -0.007 -12"><span class='ocrx_word' id='word_1_298' title='bbox 158 3717 225 3773; x_wconf 88' lang='lat' dir='ltr'>dere</span> <span class='ocrx_word' id='word_1_299' title='bbox 242 3719 279 3772; x_wconf 86' lang='lat' dir='ltr'>ad</span> <span class='ocrx_word' id='word_1_300' title='bbox 298 3719 352 3772; x_wconf 91' lang='lat' dir='ltr'>hoc</span> <span class='ocrx_word' id='word_1_301' title='bbox 370 3718 456 3772; x_wconf 89' lang='lat' dir='ltr'>breue</span> <span class='ocrx_word' id='word_1_302' title='bbox 474 3724 536 3780; x_wconf 89' lang='lat' dir='ltr'>etc,</span> <span class='ocrx_word' id='word_1_303' title='bbox 549 3714 617 3784; x_wconf 91' lang='lat' dir='ltr'>quia</span> <span class='ocrx_word' id='word_1_304' title='bbox 635 3712 712 3767; x_wconf 87' lang='lat' dir='ltr'>nulla</span> <span class='ocrx_word' id='word_1_305' title='bbox 729 3712 793 3765; x_wconf 91' lang='lat' dir='ltr'>talis</span> <span class='ocrx_word' id='word_1_306' title='bbox 811 3709 877 3764; x_wconf 87' lang='lat' dir='ltr'>villa</span> <span class='ocrx_word' id='word_1_307' title='bbox 895 3719 938 3763; x_wconf 88' lang='lat' dir='ltr'>est</span> <span class='ocrx_word' id='word_1_308' title='bbox 956 3708 986 3762; x_wconf 90' lang='lat' dir='ltr'>in</span> <span class='ocrx_word' id='word_1_309' title='bbox 1004 3707 1140 3763; x_wconf 88' lang='lat' dir='ltr'>comitatu</span> <span class='ocrx_word' id='word_1_310' title='bbox 1160 3710 1262 3765; x_wconf 87' lang='lat' dir='ltr'>Cante-</span> <span class='ocrx_word' id='word_1_311' title='bbox 1287 3703 1290 3720; x_wconf 82' lang='lat'><strong>¹</strong></span> 
     </span>
    </p>
   </div>
   <div class='ocr_carea' id='block_1_11' title="bbox 157 3797 1264 4497">
    <p class='ocr_par' dir='ltr' id='par_1_14' title="bbox 157 3797 1264 4497">
     <span class='ocr_line' id='line_1_34' title="bbox 157 3797 924 3881; baseline -0.02 -16"><span class='ocrx_word' id='word_1_312' title='bbox 157 3810 247 3881; x_wconf 88' lang='lat' dir='ltr'>brigie</span> <span class='ocrx_word' id='word_1_313' title='bbox 266 3824 321 3881; x_wconf 87' lang='lat' dir='ltr'>que</span> <span class='ocrx_word' id='word_1_314' title='bbox 341 3817 456 3862; x_wconf 91' lang='lat' dir='ltr'>vocatur</span> <span class='ocrx_word' id='word_1_315' title='bbox 476 3804 667 3859; x_wconf 85' lang='lat' dir='ltr'>Hardlestoue</span> <span class='ocrx_word' id='word_1_316' title='bbox 687 3800 793 3855; x_wconf 86' lang='lat' dir='ltr'>scilicet</span> <span class='ocrx_word' id='word_1_317' title='bbox 814 3814 878 3853; x_wconf 91' lang='lat' dir='ltr'>cum</span> <span class='ocrx_word' id='word_1_318' title='bbox 898 3797 924 3851; x_wconf 71' lang='lat' dir='ltr'>d</span> 
     </span>
     <span class='ocr_line' id='line_1_35' title="bbox 224 3902 1261 4002; baseline -0.013 -22"><span class='ocrx_word' id='word_1_319' title='bbox 224 3917 313 4002; x_wconf 85' lang='lat' dir='ltr'>Quia</span> <span class='ocrx_word' id='word_1_320' title='bbox 339 3914 439 3998; x_wconf 91' lang='lat' dir='ltr'>igitur</span> <span class='ocrx_word' id='word_1_321' title='bbox 464 3912 518 3977; x_wconf 92' lang='lat' dir='ltr'>die</span> <span class='ocrx_word' id='word_1_322' title='bbox 544 3911 743 3994; x_wconf 90' lang='lat' dir='ltr'>precedente</span> <span class='ocrx_word' id='word_1_323' title='bbox 770 3928 829 3990; x_wconf 91' lang='lat' dir='ltr'>per</span> <span class='ocrx_word' id='word_1_324' title='bbox 855 3906 997 3970; x_wconf 92' lang='lat' dir='ltr'>eandem</span> <span class='ocrx_word' id='word_1_325' title='bbox 1024 3902 1261 3986; x_wconf 89' lang='lat' dir='ltr'>excepcionem</span> 
     </span>
     <span class='ocr_line' id='line_1_36' title="bbox 157 4006 1264 4104; baseline -0.014 -17"><span class='ocrx_word' id='word_1_326' title='bbox 157 4022 222 4087; x_wconf 91' lang='lat' dir='ltr'>ruit</span> <span class='ocrx_word' id='word_1_327' title='bbox 241 4020 413 4104; x_wconf 90' lang='lat' dir='ltr'>quoddam</span> <span class='ocrx_word' id='word_1_328' title='bbox 434 4017 535 4080; x_wconf 89' lang='lat' dir='ltr'>breue</span> <span class='ocrx_word' id='word_1_329' title='bbox 550 4018 585 4079; x_wconf 93' lang='lat' dir='ltr'>in</span> <span class='ocrx_word' id='word_1_330' title='bbox 605 4014 723 4077; x_wconf 88' lang='lat' dir='ltr'>eadem</span> <span class='ocrx_word' id='word_1_331' title='bbox 744 4011 843 4085; x_wconf 89' lang='lat' dir='ltr'>curia,</span> <span class='ocrx_word' id='word_1_332' title='bbox 861 4028 995 4073; x_wconf 88' lang='lat' dir='ltr'>necesse</span> <span class='ocrx_word' id='word_1_333' title='bbox 1015 4007 1076 4071; x_wconf 86' lang='lat' dir='ltr'>fuit</span> <span class='ocrx_word' id='word_1_334' title='bbox 1097 4006 1187 4090; x_wconf 93' lang='lat' dir='ltr'>quod</span> <span class='ocrx_word' id='word_1_335' title='bbox 1208 4007 1264 4071; x_wconf 86' lang='lat' dir='ltr'>illa</span> 
     </span>
     <span class='ocr_line' id='line_1_37' title="bbox 157 4110 1261 4209; baseline -0.014 -19"><span class='ocrx_word' id='word_1_336' title='bbox 157 4126 318 4209; x_wconf 89' lang='lat' dir='ltr'>excepcio</span> <span class='ocrx_word' id='word_1_337' title='bbox 333 4123 530 4187; x_wconf 87' lang='lat' dir='ltr'>allocaretur</span> <span class='ocrx_word' id='word_1_338' title='bbox 545 4140 604 4203; x_wconf 90' lang='lat' dir='ltr'>per</span> <span class='ocrx_word' id='word_1_339' title='bbox 616 4116 825 4200; x_wconf 87' lang='lat' dir='ltr'>justiciarios‚</span> <span class='ocrx_word' id='word_1_340' title='bbox 836 4114 890 4177; x_wconf 90' lang='lat' dir='ltr'>uel</span> <span class='ocrx_word' id='word_1_341' title='bbox 906 4111 996 4195; x_wconf 92' lang='lat' dir='ltr'>quod</span> <span class='ocrx_word' id='word_1_342' title='bbox 1012 4111 1073 4195; x_wconf 89' lang='lat' dir='ltr'>ipsi</span> <span class='ocrx_word' id='word_1_343' title='bbox 1088 4110 1261 4195; x_wconf 86' lang='lat' dir='ltr'>justiciarij</span> 
     </span>
     <span class='ocr_line' id='line_1_38' title="bbox 158 4223 612 4310; baseline -0.018 -14"><span class='ocrx_word' id='word_1_344' title='bbox 158 4232 324 4296; x_wconf 88' lang='lat' dir='ltr'>uariarent</span> <span class='ocrx_word' id='word_1_345' title='bbox 339 4228 372 4291; x_wconf 92' lang='lat' dir='ltr'>in</span> <span class='ocrx_word' id='word_1_346' title='bbox 386 4226 521 4310; x_wconf 90' lang='lat' dir='ltr'>judicijs</span> <span class='ocrx_word' id='word_1_347' title='bbox 536 4223 612 4288; x_wconf 85' lang='lat' dir='ltr'>suis</span> 
     </span>
     <span class='ocr_line' id='line_1_39' title="bbox 465 4360 949 4420; baseline -0.019 -4"><span class='ocrx_word' id='word_1_348' title='bbox 465 4362 476 4395; x_wconf 86' lang='lat'><strong>¹</strong></span> <span class='ocrx_word' id='word_1_349' title='bbox 494 4364 581 4415; x_wconf 79' lang='lat' dir='ltr'>Assiue</span> <span class='ocrx_word' id='word_1_350' title='bbox 593 4362 660 4420; x_wconf 85' lang='lat' dir='ltr'>Roll,</span> <span class='ocrx_word' id='word_1_351' title='bbox 673 4363 724 4413; x_wconf 83' lang='lat' dir='ltr'>No.</span> <span class='ocrx_word' id='word_1_352' title='bbox 736 4360 777 4417; x_wconf 74' lang='lat'>86,</span> <span class='ocrx_word' id='word_1_353' title='bbox 789 4360 894 4411; x_wconf 87' lang='lat' dir='ltr'>membr.</span> <span class='ocrx_word' id='word_1_354' title='bbox 911 4376 949 4411; x_wconf 78' lang='lat' dir='ltr'>tt.</span> 
     </span>
     <span class='ocr_line' id='line_1_40' title="bbox 464 4441 971 4497; baseline -0.018 1"><span class='ocrx_word' id='word_1_355' title='bbox 464 4445 475 4478; x_wconf 87' lang='lat'><strong>¹</strong></span> <span class='ocrx_word' id='word_1_356' title='bbox 491 4446 549 4497; x_wconf 83' lang='lat' dir='ltr'>The</span> <span class='ocrx_word' id='word_1_357' title='bbox 560 4447 647 4496; x_wconf 88' lang='lat' dir='ltr'>record</span> <span class='ocrx_word' id='word_1_358' title='bbox 659 4462 692 4495; x_wconf 90' lang='lat' dir='ltr'>ou</span> <span class='ocrx_word' id='word_1_359' title='bbox 703 4444 746 4494; x_wconf 90' lang='lat' dir='ltr'>the</span> <span class='ocrx_word' id='word_1_360' title='bbox 759 4444 818 4493; x_wconf 90' lang='lat' dir='ltr'>Roll</span> <span class='ocrx_word' id='word_1_361' title='bbox 829 4443 893 4492; x_wconf 90' lang='lat' dir='ltr'>ends</span> <span class='ocrx_word' id='word_1_362' title='bbox 903 4441 971 4491; x_wconf 88' lang='lat' dir='ltr'>here.</span> 
     </span>
    </p>
   </div>
   <div class='ocr_carea' id='block_1_12' title="bbox 0 0 1600 5067">
    <p class='ocr_par' dir='ltr' id='par_1_15' title="bbox 0 0 1600 5067">
     <span class='ocr_line' id='line_1_41' title="bbox 0 0 1600 5067; baseline 0 2"><span class='ocrx_word' id='word_1_363' title='bbox 0 0 1600 5067; x_wconf 95' lang='lat' dir='ltr'> </span> 
     </span>
    </p>
   </div>
  </div>
 </body>
</html>
