3192 5067
340 338 410 406 2²4
537 313 582 386 K
582 313 650 412 ing
673 312 851 389 Edward
870 315 900 387 I
920 313 1002 388 and
1022 315 1084 388 the
1098 315 1247 416 Judges
1322 313 1443 413 [soon

172 522 307 615 3322„
337 503 452 568 Sancti
470 503 656 586 Augustini
670 503 793 569 cotidie
814 505 930 570 baberi
951 503 1053 568 debet
1072 503 1262 588 specialiter
1282 503 1443 568 memoria

172 624 308 705 33:232„
336 629 368 672 m
396 629 461 672 vna
488 607 590 672 missa
616 629 677 691 pro
707 609 820 673 anima
849 609 921 673 eius
951 609 1194 692 inperpetuum.
1240 608 1287 672 Et
1317 609 1442 692 primus

172 712 282 756 ‘⁰¹²w·
335 713 513 776 canonicus
544 712 587 776 ad
618 711 681 776 hoc
712 713 902 796 assignatus
934 712 995 777 suit
1019 713 1176 777 dominus
1202 712 1373 795 Johannes
1398 714 1443 777 de

337 818 504 882 Fulburne
535 818 715 881 canonicus
746 818 929 882 secundum
960 817 1051 901 quod
1083 816 1251 901 predictus
1284 819 1442 901 magister

336 923 503 988 Robertus
519 923 756 1006 preordinauit.
802 922 882 1007 Quo
897 922 1057 988 defuncto
1077 923 1163 987 alius
1182 923 1363 987 canonicus
1383 943 1443 1006 per

336 1029 481 1092 Priorem
508 1028 610 1093 debet
636 1027 678 1092 ad
705 1028 794 1092 idem
820 1028 925 1093 altare
952 1030 1015 1093 boc
1041 1028 1186 1093 officium
1215 1028 1440 1111 completurus

334 1133 504 1214 assignari,
527 1142 561 1197 et
584 1133 630 1197 sic
653 1133 898 1217 inperpetuum.

356 1400 404 1464 30.
449 1384 503 1448 De
523 1385 736 1469 redempcione
750 1385 1023 1470 Justictizriomm
1044 1395 1076 1448 et
1101 1385 1133 1449 Τ
1129 1385 1225 1450 lemna
1256 1382 1418 1466 Weyland

170 1521 310 1614 {igme
398 1513 565 1598 Tempore
603 1516 660 1579 illo
695 1537 763 1599 quo
802 1516 1041 1580 incendebatur
1074 1516 1213 1581 ecclesia
1249 1524 1362 1580 nostra
1395 1513 1439 1577 de

168 1623 262 1715 {2332
333 1617 543 1697 Bemewelle,
556 1630 592 1683 ut
605 1621 791 1704 predictum
808 1630 868 1697 est,
880 1629 951 1684 erat
966 1620 1123 1684 dominus
1137 1619 1345 1685 Eadwardus
1361 1619 1438 1682 Rex

166 1723 294 1815 ffiltgggg
332 1721 457 1804 Anglie
474 1725 506 1787 in
532 1727 681 1809 partibus
703 1726 942 1800 transmarinis,
962 1736 1218 1808 verumptamen
1239 1724 1272 1788 in
1289 1743 1435 1807 regressu

169 1785 299 1916 ζῑξξῖξῇῗξῑ
332 1848 393 1889 suo
417 1829 449 1891 in
475 1829 643 1912 Angliam‚
666 1831 788 1894 auditis
811 1829 963 1913 querelis,
984 1830 1107 1894 multos
1129 1851 1205 1893 cum
1230 1829 1337 1912 rigore
1361 1826 1438 1891 iuris

169 1929 613 2027 ffgffiffl'12acriterpuniuit‚
638 1944 671 1998 et
694 1935 851 2018 precipue
874 1944 1018 2018 quatuor
1040 1934 1242 2017 justiciarios
1265 1935 1298 1998 in
1322 1933 1438 2006 banco,

169 2025 234 2076 ⁸¹¹⁸·
246 2025 320 2141 ¹2⁸⁹&
334 2058 417 2121 quos
444 2041 534 2104 misit
561 2040 593 2104 in
624 2061 798 2116 carcerem,
828 2041 871 2103 ad
903 2038 1035 2104 Turrim
1067 2039 1222 2104 videlicet
1253 2037 1437 2103 Londonie.

270 2124 277 2139 ’
334 2141 380 2206 Et
395 2154 472 2226 post
488 2142 611 2208 multos
626 2144 698 2208 dies
718 2165 802 2208 vnus
820 2164 945 2222 eorum,
962 2144 1151 2208 Willelmus
1172 2144 1215 2208 de
1231 2145 1437 2226 Brumptone

331 2247 475 2323 nomine,
498 2257 534 2310 vt
556 2247 729 2310 dicebatur
751 2246 829 2310 lecit
852 2246 1151 2330 rede[m]pci0nem
1177 2268 1236 2331 pro
1261 2267 1322 2310 sex
1346 2246 1436 2310 mille

331 2349 470 2427 marcis;
501 2349 594 2424 alius,
621 2351 730 2414 dictus
757 2351 928 2434 Johannes
957 2352 1000 2415 de
1027 2350 1180 2427 Louetot‚
1207 2372 1268 2435 pro
1294 2361 1437 2435 quatuor

331 2454 421 2517 mille
450 2454 589 2533 marcis;
620 2455 748 2532 tercius,
775 2456 884 2520 dictus
913 2457 1065 2540 Rogerus
1092 2456 1134 2520 de
1162 2456 1351 2539 Leycestre,
1374 2477 1435 2539 pro

331 2558 421 2622 mille
437 2560 555 2622 marcis
569 2581 575 2636 ;
599 2570 737 2643 quartus
753 2581 833 2624 uero
848 2570 882 2625 et
897 2560 1090 2645 principalis
1103 2560 1314 2643 justiciarius,
1326 2562 1435 2626 dictus

166 2674 321 2768 sspgffior
331 2662 480 2727 Thomas
496 2664 539 2727 de
554 2664 732 2748 Weyland,
749 2667 871 2729 timens
885 2667 958 2743 sibi,
973 2687 1040 2730 non
1057 2677 1108 2730 est
1123 2688 1223 2731 ausus
1244 2688 1435 2751 comparere

167 2776 301 2827 Weuund·
330 2788 441 2832 coram
475 2770 576 2851 Rege,
601 2773 659 2835 sed
690 2771 806 2835 abiens
835 2770 921 2854 sugit
951 2771 993 2834 ad
1025 2772 1140 2836 iratres
1171 2774 1315 2838 minores
1345 2773 1433 2856 apud

166 2879 274 2973 ciffi-¹
331 2873 541 2939 Babbewelle
571 2876 668 2956 iuxta
698 2886 851 2941 sanctum
884 2875 1134 2954 Eadmundum,
1164 2887 1199 2942 et
1229 2878 1273 2941 ibi
1310 2878 1434 2962 recepit

165 2981 282 3073 229⁶*
330 2999 443 3042 eorum
461 2979 621 3044 habitum.
666 2979 811 3063 Quibus¹
827 2982 951 3046 auditis
965 2982 1040 3046 Rex
1056 2983 1148 3047 misit
1163 2983 1287 3047 ibidem
1301 2983 1432 3047 fidelem

166 3097 296 3191 ,πέζης
329 3102 425 3145 suum
441 3083 624 3148 Robertum
639 3085 776 3162 Maleth,
788 3087 845 3170 qui
861 3086 946 3149 bene
962 3087 1143 3151 custodiret
1158 3109 1278 3172 corpus
1294 3089 1432 3171 predicti

167 3198 254 3291 gropp
329 3186 460 3252 Thome
484 3209 525 3252 ne
548 3188 684 3271 lugeret,
702 3200 737 3253 et
759 3191 894 3274 insuper
916 3191 1102 3274 precipiens
1124 3191 1367 3258 districtissime
1390 3214 1432 3257 ne

166 3262 289 3342 watchid·
328 3290 440 3354 cibum
457 3291 510 3354 uel
526 3302 642 3376 potum
660 3293 702 3356 ad
716 3294 998 3358 sustentacionem
1011 3295 1149 3358 fratrum
1163 3297 1285 3361 intrare
1298 3317 1433 3380 quoquo

328 3398 430 3460 modo
460 3398 675 3481 permitteret.
738 3400 910 3464 Predictus
941 3422 1020 3464 uero
1052 3401 1220 3465 Robertus
1250 3400 1432 3484 compleuit

327 3503 452 3565 iussum
478 3503 589 3584 Regis,
612 3512 645 3566 et
669 3502 747 3566 fecit
774 3524 832 3587 per
857 3504 996 3588 eosqui
1023 3502 1124 3587 longe
1147 3515 1243 3567 erant
1269 3515 1304 3568 et
1328 3512 1431 3588 prope

327 3605 471 3670 obsideri
501 3606 686 3689 predictum
719 3608 828 3670 locum
861 3608 894 3671 in
925 3608 1062 3672 circuitu
1097 3628 1172 3672 cum
1209 3608 1432 3673 sollicitudine

327 3731 451 3792 magna
476 3711 542 3774 iere
570 3730 629 3793 per
655 3720 721 3775 tres
753 3732 884 3776 menses
915 3732 981 3775 non
1014 3713 1085 3775 sine
1116 3711 1244 3775 multis²
1274 3713 1433 3795 expensis

327 3817 435 3880 tocius
477 3818 665 3892 comitatus
703 3817 881 3893 laboribus
919 3815 1041 3900 vigilijs
1079 3827 1113 3882 et
1150 3817 1271 3899 frigore
1307 3837 1432 3900 magno

327 3921 486 4003 quoniam
516 3931 595 3985 tunc
622 3941 741 4005 yemps
768 3933 847 3986 erat
908 3920 984 4004 Qua
1009 3933 1145 4006 propter
1170 3942 1288 3986 omnes
1314 3922 1431 3987 iratres

328 4036 539 4090 recesserunt
586 4027 631 4090 Et
662 4026 724 4090 hoc
752 4028 838 4092 bene
863 4028 1020 4092 custodes
1047 4030 1276 4111 permiserunt,
1302 4028 1428 4092 nullum

163 4141 288 4191 Weylund
326 4143 438 4196 tamen
477 4143 657 4196 exeuntem
696 4133 816 4197 reuerti
854 4133 1081 4215 permiserunt
1132 4133 1178 4196 Et
1212 4133 1259 4196 sic
1292 4132 1429 4196 tandem

162 4203 300 4335 {ffir'm
327 4237 485 4300 remansit
501 4236 532 4299 in
551 4236 625 4299 loco
640 4237 759 4300 eodem
778 4236 887 4300 dictus
909 4236 1009 4300 irater
1023 4237 1174 4300 Thomas
1194 4236 1238 4300 de
1254 4237 1430 4320 Weyland,

484 4363 493 4395 ¹
510 4366 587 4432 quod,
601 4365 657 4416 MS.
1050 4363 1061 4396 ¹
1077 4366 1193 4427 multum,
1206 4365 1266 4416 MS.
