3192 5067
154 350 188 453 1]
328 352 430 428 How
455 351 558 427 Pain
583 351 743 426 Peuerel
764 351 958 425 necceedcd
978 351 1092 449 Pycot
1216 373 1260 442 41

156 547 352 613 conuentus,
374 540 463 604 diem
491 538 535 603 de
559 539 709 621 parendo
733 537 794 603 iuri
823 540 855 602 in
883 538 975 602 curia
1001 538 1086 619 regis
1110 536 1173 601 sibi
1196 556 1268 619 pre·

157 642 265 707 lixum
297 643 456 726 fugiendo
486 646 646 727 preuenit
700 644 805 709 Cuius
835 644 973 708 baronia
1003 644 1046 707 de
1077 643 1146 706 iure
1176 640 1300 723 regnis.
1318 648 1372 701 nb

158 747 240 811 fisco
259 749 408 824 cedente,
424 748 544 812 domus
564 748 622 811 illa
641 747 845 832 paupercula
869 746 957 811 lacta
979 756 1030 810 est
1053 745 1115 809 sub
1136 744 1269 810 tributo

159 852 288 917 Omnes
312 854 417 917 eciam
441 854 539 917 amici
562 854 633 918 eius
655 864 854 937 spreuerunt
876 873 950 917 eam
974 860 1008 915 et
1033 851 1110 915 iacti
1138 861 1217 937 sunt
1240 849 1269 913 ei

159 978 293 1021 rmmrcr.

498 1122 526 1185 8.
571 1120 623 1183 De
644 1120 783 1205 Pagano
806 1120 946 1184 Peuerel.

1288 1248 1354 1289 How
1375 1244 1436 1287 Palu

229 1258 433 1321 Procedente
445 1278 525 1321 uero
540 1267 691 1341 tempore
707 1258 849 1323 contulit
862 1258 1018 1322 dominus
1031 1278 1090 1321 rex
1106 1255 1272 1320 Henricus
1287 1296 1388 1339 pm,

1285 1347 1421 1391 succeeded

161 1362 333 1426 baroniam
351 1361 442 1425 illam
456 1363 589 1426 cuidam
602 1382 664 1425 suo
676 1361 829 1426 familiari
843 1362 968 1427 scilicet
982 1363 1118 1445 Pagano
1136 1359 1271 1423 Peuerel
1286 1404 1311 1441 ,ο
1322 1397 1422 1449 Μ..

161 1467 296 1549 egregio
311 1466 418 1543 militi,
435 1466 535 1529 armis
551 1467 680 1549 insigni,
693 1467 816 1531 milicia
832 1467 980 1549 pollenti,
994 1467 1118 1530 uiribus
1134 1466 1272 1547 potenti,
1286 1450 1402 1541 25⁰?ss

162 1582 197 1635 et
215 1592 315 1653 super
334 1590 452 1634 omnes
472 1572 565 1653 regni
588 1592 740 1655 proceres
763 1571 883 1636 bellico
906 1593 967 1636 usu
992 1569 1158 1635 laudabili.
1205 1568 1271 1653 Qui
1286 1548 1435 1641 fldilhlm'

163 1686 274 1757 partes
290 1672 505 1756 Cantebrigie
520 1674 645 1751 adiens,
661 1685 695 1739 et
710 1676 801 1740 illam
822 1677 961 1739 domum
977 1673 1162 1738 desolatam
1179 1683 1213 1737 et
1229 1673 1271 1735 ad
1285 1651 1334 1743 {1¹:2²
1335 1661 1377 1701 ‘⁸‘
1386 1647 1415 1690 ⁰¹

164 1776 323 1841 nichilum
344 1779 514 1842 redactam
535 1779 677 1855 intuens,
693 1778 758 1843 deo
780 1780 963 1861 inspirante
984 1788 1017 1842 et
1034 1780 1133 1842 beato
1150 1776 1273 1859 Egidio
1286 1751 1396 1793 ⁰⁸⁰⁰⁰'‘

164 1882 197 1945 id
224 1888 407 1965 operante¹,
434 1902 595 1964 superea
623 1881 814 1959 condolens,
839 1881 901 1966 [et]
925 1882 1009 1946 inira
1033 1891 1139 1946 semet
1163 1883 1272 1965 ipsum

163 1986 361 2064 deliberans,
383 1988 520 2051 tandem
541 1988 691 2069 prorupit
713 1987 745 2050 in
766 2007 904 2051 uocem:
934 1986 1087 2069 Triginta
1110 1994 1273 2051 annorum

154 2089 219 2170 fici
227 2090 383 2171 baptismo
395 2100 605 2173 regeneratus.
641 2088 796 2173 Triginta
808 2111 970 2155 annonem
981 2112 1034 2153 ero
1046 2091 1081 2154 in
1097 2088 1274 2154 nouissimo

163 2194 217 2257 die
243 2193 489 2257 resuscitandus.
549 2193 704 2277 Triginta
729 2194 783 2257 iric
811 2194 1004 2258 constituam
1030 2195 1195 2258 canonicos
1213 2204 1276 2276 per

163 2297 217 2361 dei
229 2298 382 2381 graciam
404 2320 455 2362 me
472 2298 521 2361 ad
538 2310 681 2363 eternam
702 2299 808 2362 uitam
823 2299 1048 2382 producturos,
1062 2308 1094 2363 et
1109 2300 1193 2363 siau
1211 2298 1274 2363 loco

163 2401 290 2467 heredis
310 2404 445 2467 successi
468 2402 585 2485 Pycoto
608 2404 656 2467 ad
677 2403 885 2468 hereditatem
906 2405 1145 2487 possidendam,
1172 2405 1220 2468 ita
1244 2404 1276 2468 ei

163 2505 327 2571 succedam
355 2508 405 2571 ad
429 2508 562 2572 domum
590 2507 689 2572 utam
715 2508 890 2572 ditandam
916 2518 947 2571 et
970 2508 1162 2591 sufficienter
1189 2508 1274 2573 dsta-

165 2610 310 2675 landam.

469 2790 499 2853 9.
542 2772 596 2836 De
616 2772 679 2837 loco
700 2772 739 2836 de
760 2771 965 2837 Barrtecoelle.

234 2909 363 2974 Uidens
385 2920 499 2973 autem
523 2909 633 2973 locum
657 2910 714 2973 ubi
737 2909 858 2973 domus
881 2930 995 2974 eorum
1019 2910 1083 2974 sita
1109 2921 1180 2975 erat
1207 2931 1273 2976 non
1288 2915 1426 3008 2232&

165 3012 317 3076 sufficere
338 3014 379 3077 ad
403 3033 519 3078 omnes
540 3014 688 3077 officinas
709 3016 878 3078 canonicis
897 3016 965 3079 suis
987 3016 1198 3093 necessarias,
1214 3037 1274 3080 nec
1287 3027 1439 3109 {fimum

166 3118 272 3182 eciam
288 3138 411 3201 aquam
428 3120 540 3184 uiuam
557 3120 591 3182 in
607 3139 643 3182 se
655 3120 833 3197 continere,
846 3120 1037 3204 impetrauit
1053 3119 1108 3185 ille
1122 3122 1275 3205 egregius
1288 3116 1439 3209 ξξεῖἷᾙζκ

167 3222 323 3305 Paganus
354 3222 489 3287 Peuerel
516 3245 536 3288 a
563 3244 640 3306 rege
668 3224 817 3289 Henrico
844 3225 954 3289 locum
981 3227 1150 3308 quendam
1177 3237 1274 3291 extra
1288 3216 1440 3319 ξξῖξζῗξ,

167 3326 316 3410 Burgum
348 3326 561 3409 Cantebrigie
591 3348 612 3391 a
643 3347 766 3410 magna
795 3329 909 3412 platea
940 3350 1045 3413 usque
1072 3331 1105 3393 in
1132 3332 1273 3394 riueram
1288 3317 1343 3361 ⁸¹²*

168 3431 382 3513 Cantebrigie
404 3452 441 3496 se
463 3432 714 3510 extendentem,
737 3443 772 3497 et
795 3436 977 3499 amenitate
1000 3436 1082 3499 situs
1105 3435 1168 3499 loci
1194 3437 1275 3500 satis

166 3536 408 3601 delectabilem.
450 3534 551 3599 Porro
567 3537 610 3600 de
626 3536 713 3600 illius
730 3536 792 3601 loci
811 3538 921 3602 medio
938 3538 1088 3603 fonticuli
1105 3541 1187 3603 satis
1201 3541 1274 3623 puri
1289 3548 1419 3601 ththl·

168 3652 203 3705 et
233 3640 335 3705 viuidi
365 3641 578 3718 emanabant,
609 3639 752 3723 Anglice
783 3641 996 3719 Barnewelle,
1022 3643 1056 3707 id
1087 3652 1137 3707 est
1168 3598 1400 3708 sontesssffigl‘·

168 3764 356 3828 puerorum,
377 3764 417 3807 eo
440 3754 591 3827 tempore
614 3744 782 3827 appellati,
802 3766 842 3808 eo
865 3746 955 3828 quod
979 3748 1072 3828 pueri
1092 3757 1127 3810 et
1146 3744 1277 3811 adoles·
1292 3698 1424 3743 Bmw‘u'

167 3860 283 3914 centes
298 3850 401 3913 semel
417 3870 477 3932 per
491 3869 626 3924 annum,
639 3851 671 3912 in
685 3849 798 3932 vigilia
814 3850 939 3914 scilicet
957 3850 1153 3915 Natiuitatis
1169 3852 1276 3915 sancti

168 3952 332 4035 johannis
349 3954 509 4035 Baptiste,
522 3953 589 4016 illic
604 3955 842 4017 conuenientes
860 3974 950 4017 more
967 3954 1157 4039 Anglorum
1173 3956 1277 4019 lucta-

171 4059 263 4122 mina
285 4067 319 4122 et
341 4057 408 4121 alia
431 4056 568 4121 ludicria
590 4057 794 4122 exercebant
817 4059 965 4141 puerilia,
989 4068 1022 4123 et
1047 4060 1221 4123 cantilenis
1244 4069 1278 4124 et

171 4162 305 4226 musicis
337 4163 565 4227 instrumentis
595 4163 658 4227 sibi
689 4164 832 4228 inuicem
863 4164 1121 4247 applaudebant.
1177 4164 1279 4229 Vnde

169 4275 306 4350 propter
321 4265 454 4329 turbam
470 4286 649 4349 pueromm
669 4275 703 4329 et
719 4266 904 4349 puellarum
927 4267 993 4331 illic
1008 4268 1278 4333 concurrencium

616 4395 626 4429 ¹
642 4397 770 4463 opinente,
781 4396 840 4447 MS.
