3192 5067
322 313 391 381 160
645 310 748 383 Mill
769 308 932 409 ofJolm
960 310 994 382 le
1020 309 1102 381 Rus
1303 308 1420 407 [soors

315 504 424 559 totum
458 496 540 559 illud
571 498 779 581 mesuagium
816 508 877 562 etc.
939 498 984 561 Et
1014 499 1086 581 ipsa
1118 498 1242 564 Cecilia
1272 507 1422 580 tempore

315 598 440 663 itineris
464 599 722 682 justiciariorum
753 600 871 664 habuit
901 602 1008 665 uirum
1039 601 1228 682 johannem
1256 600 1421 683 Humirey

315 706 458 782 nomine,
488 705 577 770 vnde
609 705 702 769 Prior
732 706 764 769 in
796 708 912 770 itinere
941 706 1200 788 justiciariorum
1228 707 1421 790 impetrauit

314 808 415 872 breue
439 808 550 891 Regis.
596 809 642 873 Et
664 809 742 873 talis
764 820 815 873 est
839 809 1041 874 inrotulacio

705 1043 754 1119 84
801 1040 1019 1103 lurotulaczbt

152 1208 284 1269 Recorqor
368 1190 447 1245 Prior
470 1190 507 1245 de
536 1191 709 1247 Bemewelle
734 1190 851 1261 optulit²
873 1208 903 1245 se
927 1202 1028 1262 quarto
1057 1192 1104 1247 die
1133 1210 1231 1247 uersus
1261 1194 1419 1264 Johannem

149 1258 291 1301 mmm·
316 1278 454 1349 Humsrey
466 1290 493 1335 et
506 1280 641 1336 ceciliam
654 1298 768 1335 vxorem
781 1280 842 1334 eius
855 1280 890 1334 de
907 1280 1011 1350 placito
1028 1282 1103 1351 quod
1123 1280 1227 1336 iaciant
1244 1281 1269 1335 ei
1286 1292 1421 1336 consueta

312 1378 341 1422 et
353 1378 431 1423 recta
443 1368 562 1423 seruicia
574 1385 629 1440 que
641 1370 667 1424 ei
680 1370 773 1424 facere
785 1370 890 1423 debent
906 1370 942 1423 de
958 1368 1046 1424 libero
1063 1380 1224 1425 tenemento
1242 1369 1318 1440 quod
1335 1370 1371 1423 de
1386 1386 1419 1423 eo

312 1465 410 1510 tenent
422 1457 450 1510 in
465 1456 654 1526 Cantebrigia,
667 1457 739 1511 utin
752 1456 917 1525 redditibus,
931 1454 1103 1528 anseragiis]
1116 1468 1143 1512 et
1156 1458 1218 1529 alijs
1227 1458 1352 1526 seruicijs
1365 1466 1417 1513 etc.

313 1544 351 1597 Et
364 1542 417 1613 ipsi
430 1560 488 1597 non
501 1544 624 1612 ueniunt,
638 1554 666 1599 et
681 1544 784 1615 pluries
801 1544 927 1599 iecerunt
942 1544 1070 1599 defaltas.
1111 1546 1179 1600 ldeo
1196 1554 1359 1616 preceptum
1376 1554 1419 1600 est

312 1630 470 1685 vicecomiti
492 1632 567 1703 quod
586 1631 737 1703 distringat
759 1648 808 1686 eos
830 1649 881 1701 per
902 1650 1002 1687 omnes
1023 1642 1120 1699 terras,
1143 1642 1211 1698 etc.;
1239 1642 1266 1687 et
1288 1632 1364 1703 quod
1384 1631 1419 1686 de

312 1719 431 1774 exitibus
443 1730 513 1786 etc.;
532 1730 560 1774 et
577 1721 653 1790 quod
668 1720 773 1774 habeat
789 1737 909 1791 corpora
926 1738 1022 1777 eorum
1040 1722 1115 1790 apud
1133 1720 1418 1776 westmonasterium

312 1824 330 1862 a
342 1807 388 1862 die
402 1808 498 1863 Sancti
513 1808 663 1863 Michaelis
676 1808 704 1862 in
717 1825 804 1863 vnum
817 1825 945 1863 mensem
957 1818 1011 1863 etc.

149 1965 300 2007 rnewruow
377 1947 643 2029 Verumptamen
675 1948 765 2011 dicta
796 1948 930 2025 Cecilia‚
962 1948 1079 2013 nolens
1110 1949 1246 2013 ulterius
1276 1949 1418 2032 fatigari,

149 2016 277 2109 ilidii„
313 2049 405 2111 uenit
420 2059 537 2132 postea
552 2050 594 2113 ad
611 2049 735 2112 curiam
752 2049 794 2113 de
811 2048 1026 2134 Cantebrigia
1041 2071 1107 2114 vna
1122 2072 1197 2114 cum
1214 2052 1284 2114 viro
1300 2072 1369 2130 su0,
1385 2061 1418 2115 et

312 2154 437 2218 ibidem
459 2174 571 2217 coram
599 2155 724 2216 maiore
751 2163 785 2216 et
811 2154 943 2218 balliuis
970 2165 1004 2218 et
1030 2155 1104 2237 alijs
1129 2157 1243 2219 multis
1266 2157 1415 2240 quietum

312 2258 471 2321 clamauit
487 2258 590 2322 Priori
605 2268 713 2321 totum
727 2256 782 2339 jus
798 2268 832 2320 et
848 2259 1012 2323 clameum
1029 2262 1119 2343 quod
1137 2260 1254 2324 habuit
1271 2261 1301 2323 in
1320 2261 1416 2324 dictis

312 2362 532 2439 tenementis;
562 2372 597 2425 et
628 2361 721 2424 Prior
746 2382 806 2443 per
835 2364 1014 2427 canonicos
1044 2384 1122 2427 suos
1152 2366 1266 2428 statim
1294 2366 1417 2447 recepit

313 2486 502 2548 saysynam.

149 2598 273 2641 surano
378 2570 466 2653 Quia
482 2570 583 2653 igitur
603 2569 693 2633 dicta
715 2570 839 2635 Cecilia
863 2570 964 2634 habet
984 2572 1090 2634 uirum
1114 2572 1166 2634 cui
1190 2570 1416 2636 contradicere

148 2646 298 2740 imina
312 2695 377 2737 non
403 2676 522 2757 potuit,
544 2685 578 2738 et
600 2676 678 2759 quia
702 2696 767 2738 non
793 2674 870 2739 lecit
897 2675 982 2739 hanc
1006 2678 1153 2760 quietam
1177 2678 1415 2741 clamacionem

148 2756 293 2850 J'e‘tie'idss‘.
311 2800 421 2843 coram
442 2780 633 2862 justiciarijs
653 2781 710 2863 qui
731 2781 867 2844 recorda
888 2790 1032 2863 portant,
1048 2779 1235 2845 timendum
1254 2791 1305 2845 est
1325 2783 1415 2864 quod

147 2884 164 2934 f.
179 2886 234 2949 59¹³
313 2884 392 2948 uelit
422 2884 542 2948 iterum
572 2886 663 2948 dicta
693 2895 886 2948 tenementa
916 2884 1142 2967 calumpniare
1176 2905 1252 2948 cum
1282 2895 1416 2969 tempus

313 2987 432 3050 uiderit
447 2996 657 3070 oportunum.
704 2988 749 3051 Et
770 2990 847 3052 ideo
871 2988 1022 3071 predicta
1044 2987 1167 3053 Cecilia
1189 2990 1324 3051 uiuente
1347 3010 1413 3053 non

311 3100 362 3153 est
384 3111 535 3154 securum
559 3091 649 3154 dicta
670 3101 862 3155 tenementa
883 3090 1045 3166 edificare,
1066 3090 1117 3154 vel
1141 3092 1246 3155 eciam
1271 3092 1415 3155 uendere

311 3195 408 3258 alicui
432 3195 584 3259 iaciendo
600 3204 726 3259 cartam
743 3196 901 3258 warantie
916 3196 988 3257 sine
1004 3194 1143 3257 consilio
1159 3196 1290 3259 saniori.

426 3430 476 3508 85.
521 3428 687 3491 Placitum
709 3428 748 3490 de
768 3426 958 3491 Molendino
985 3426 1151 3502 Johanm's
1172 3426 1202 3489 le
1222 3428 1302 3491 Rus.

148 3608 265 3651 novatus
374 3582 545 3665 Johannes
575 3582 661 3646 filius
692 3579 843 3662 Mauricij
876 3581 906 3643 le
935 3580 1006 3643 Rus
1033 3581 1138 3644 tenuit
1165 3581 1208 3644 de
1236 3582 1346 3645 Priore
1372 3582 1415 3645 de

147 3659 284 3752 {difidit
311 3685 512 3749 Bemewelle
542 3685 645 3748 multa
676 3694 869 3748 tenementa
896 3684 929 3746 in
957 3682 1035 3746 villa
1062 3684 1104 3746 de
1132 3683 1355 3767 Cantebrigia,
1381 3695 1415 3749 et

145 3758 295 3851 inillrll‘il'
310 3790 433 3853 multas
459 3800 563 3853 terras
589 3790 621 3851 in
649 3790 785 3871 campis,
808 3808 869 3871 pro
896 3787 1015 3870 quibus
1042 3789 1181 3851 reddere
1203 3788 1332 3851 solebat
1355 3810 1414 3872 per

160 3860 210 3953 ‘'l-³.
220 3860 242 3902 ¹⁶
309 3913 433 3958 annum
453 3894 560 3957 eidem
579 3894 682 3956 Priori
698 3893 815 3976 viginti
833 3901 865 3955 et
881 3902 959 3954 octo
973 3890 1097 3954 solidos
1113 3901 1147 3953 et
1163 3892 1235 3955 ,xi.
1251 3893 1413 3957 denarios.

311 3998 406 4062 Idem
435 4018 513 4062 uero
538 3996 709 4078 Johannes
735 3996 888 4062 uendidit
912 4016 1069 4079 magnam
1094 4006 1222 4079 partem
1247 4006 1332 4061 terre
1355 4020 1414 4062 sue

310 4124 369 4189 per
389 4103 576 4187 particulas.
622 4103 775 4166 Tandem
797 4102 890 4165 uenit
910 4102 999 4165 idem
1014 4101 1187 4184 Johannes
1202 4112 1236 4166 et
1252 4102 1414 4185 obligauit

311 4210 414 4274 Priori
439 4219 474 4273 et
497 4208 686 4273 Conuentui
710 4207 939 4271 molendinum
963 4227 1059 4271 suum
1088 4208 1253 4291 equicium
1282 4211 1324 4273 ad
1348 4211 1414 4274 dis-

447 4384 456 4417 ¹
474 4384 559 4435 nanze
572 4384 640 4443 Ron,
652 4384 694 4434 No
706 4383 746 4442 86,
758 4385 864 4435 membr.
878 4387 916 4435 28.
1048 4382 1060 4415 ²
1076 4386 1189 4451 opponit,
1204 4386 1262 4437 MS.
1336 4416 1339 4423 ·
