3192 5067
152 327 209 426 vr]
424 332 620 406 Hundred
640 333 688 430 os
705 334 983 408 Normancross
1185 340 1257 426 269

151 512 274 578 dredus
304 515 405 580 habet
437 529 624 600 respectum
660 521 704 584 ad
735 520 910 585 veritatem
947 520 1180 604 inquirendam
1216 522 1259 585 de

151 618 279 684 auxilio
302 621 506 688 vicecomitis
528 645 633 709 usque
655 627 699 690 ad
723 627 917 710 proximum
941 626 1158 692 comitatum.

217 725 418 792 Hamertone
443 727 672 814 [Hamerton].
718 730 909 796 Willelmus
935 730 978 795 de
1005 730 1101 794 Bello
1128 729 1260 814 Campo

151 833 244 890 tenet
267 825 411 906 feodum,
434 838 468 894 et
490 840 569 896 sunt
591 831 716 895 ibidem
741 831 817 914 .viij.
839 830 927 895 hide.

226 927 389 1012 Wymwic
423 931 625 1018 [WInwick].
670 934 860 999 Willelmus
896 934 1032 1000 Cardun
1070 943 1164 1000 tenet
1194 934 1258 1017 iiij.
1271 951 1291 1002 r.
1305 968 1351 1017 ¹⁵4

152 1043 282 1116 partem
298 1035 386 1100 feodi
402 1037 431 1119 .j.
448 1038 563 1103 militis
579 1049 724 1123 excepta
739 1061 776 1104 .v.
792 1049 898 1122 parte,
914 1047 948 1103 et
963 1038 1066 1105 debet
1080 1039 1110 1121 .j.
1123 1047 1261 1115 sectam,

151 1241 341 1325 geldabiles.
389 1244 519 1309 Ibidem
534 1246 707 1329 Joharmes
723 1248 767 1311 de
783 1247 946 1331 Elington
962 1246 1064 1312 debet
1078 1246 1107 1330 .j.
1124 1256 1260 1324 sectam,

151 1356 185 1410 et
207 1347 251 1410 de
272 1348 400 1412 auxilio
422 1349 627 1414 vicecomitis
649 1349 773 1432 ,xiiij.d.
820 1350 866 1416 Et
888 1349 976 1415 idem
1004 1348 1203 1434 J[oharmes]
1226 1359 1261 1414 et

151 1452 328 1536 participes
344 1454 395 1517 sui
412 1453 445 1516 in
462 1452 636 1529 Catewith,
651 1451 846 1540 Grash[am]
862 1464 896 1519 et
915 1454 1099 1538 Wynewyc
1116 1453 1260 1540 [tenent]

151 1553 286 1621 feodum
308 1555 337 1639 .j.
358 1557 482 1634 militis,
497 1566 531 1621 et
553 1557 724 1640 Johannes
744 1567 838 1622 tenet
852 1558 893 1641 .ij.
912 1558 1009 1623 hidas
1029 1569 1065 1624 et
1084 1559 1258 1624 dimidiam

150 1659 342 1743 geldabiles.
388 1662 434 1726 Et
456 1662 550 1726 Prior
568 1662 612 1727 de
635 1662 849 1745 Huntyndon
870 1662 973 1728 debet
993 1663 1157 1728 auxilium
1174 1663 1260 1727 vice-

150 1765 282 1829 comitis
305 1765 382 1848 .iij.r.
406 1765 459 1848 iij.
482 1767 645 1830 denarios.

221 1869 252 1933 T
248 1870 367 1953 ernr'rrg
386 1869 599 1953 [Thurning].
646 1869 854 1953 Reginaldus
877 1870 908 1934 le
936 1871 1063 1954 Moyne
1085 1879 1180 1935 tenet
1204 1869 1259 1952 iij.

150 1976 246 2040 hidas
261 1975 445 2060 geldabiles
461 1975 504 2038 de
520 1974 619 2038 feodo
636 1975 792 2051 Luuetot,
809 1975 937 2040 etfacit
957 1975 1001 2040 de
1015 1975 1167 2058 scutagio
1182 1973 1258 2056 .vjs.

153 2081 282 2146 Ibidem
308 2080 409 2145 debet
435 2079 464 2162 .j.
491 2087 617 2143 sectam
645 2088 680 2143 et
709 2079 752 2142 de
782 2080 912 2143 auxilio
937 2080 1143 2144 vicecomitis
1168 2078 1258 2160 ,iiijm

152 2184 282 2250 Ibidem
300 2186 452 2269 Rogerus
467 2185 510 2248 de
532 2183 726 2249 Sumeriord
747 2193 840 2249 tenet
861 2183 994 2248 feodum
1015 2193 1134 2267 quarte
1154 2183 1258 2266 partis

149 2291 178 2374 .j.
196 2291 317 2366 militis,
333 2300 367 2354 et
388 2288 489 2352 debet
505 2287 534 2370 .j.
550 2297 687 2362 sectam,
702 2297 736 2350 et
751 2288 794 2351 de
815 2286 944 2351 auxilio
965 2287 1169 2352 vicecomitis
1190 2285 1257 2368 ijs.

149 2395 255 2478 ,viij.d.
302 2395 347 2458 Et
362 2403 454 2459 tenet
469 2391 498 2474 .j.
514 2391 627 2456 hidam
643 2393 855 2474 geldabilcm.

218 2499 383 2582 Grafham
399 2495 613 2582 [Grafl'ham].
659 2497 781 2560 Vitalis
804 2497 971 2580 Engayne
991 2507 1084 2562 tenet
1099 2497 1142 2560 de
1157 2496 1257 2560 feodo

151 2605 330 2670 Glouemie
346 2602 481 2667 feodum
497 2602 626 2666 dimidii
649 2602 771 2666 militis.
824 2602 954 2666 Ibidem
976 2602 1054 2667 Yuo
1074 2601 1105 2664 le
1122 2601 1257 2684 Moyne,

151 2709 280 2792 Symon
301 2709 344 2772 de
365 2707 540 2782 Grasham
561 2716 595 2771 et
615 2707 794 2790 participes
815 2707 866 2771 sui
887 2707 1013 2771 debent
1031 2705 1072 2787 .ij.
1092 2715 1200 2769 sectas
1222 2716 1256 2769 et

149 2814 192 2877 de
215 2814 343 2877 auxilio
366 2812 569 2875 vicecomitis
584 2811 686 2875 .xx.d.
732 2811 777 2874 Et
801 2811 890 2874 idem
914 2821 1006 2874 tenet
1029 2810 1071 2874 de
1095 2808 1194 2874 feodo
1213 2810 1256 2874 dc

151 2917 298 2982 Luuetot
314 2916 354 2998 .ij.
371 2916 467 2978 hidas
482 2926 517 2978 et
531 2913 705 2978 dimidiam
722 2914 914 2996 geldabiles.
961 2915 1007 2978 Et
1022 2913 1144 2978 Vitalis
1163 2924 1256 2978 tenet

149 3022 189 3104 ij.
206 3020 302 3085 hidas
319 3031 352 3084 et
368 3019 542 3084 dimidiam
560 3039 626 3082 non
642 3019 836 3102 geldabiles

214 3125 254 3189 K
255 3124 428 3190 nebantone
448 3123 662 3208 [Kimbolton
682 3122 762 3187 with
785 3121 1025 3206 Swineshead].
1070 3122 1193 3186 Comes
1212 3124 1255 3187 de

152 3229 297 3295 Hersord
322 3238 414 3294 tenet
441 3229 483 3292 de
510 3228 648 3292 domino
676 3227 770 3311 Rege
797 3228 897 3292 feoda
923 3228 964 3311 ij.
991 3228 1156 3305 militum;
1187 3248 1254 3292 non

149 3334 251 3400 debet
272 3342 399 3398 sectam
425 3353 532 3417 neque
555 3333 719 3398 auxilium
742 3335 957 3398 vicecomitis

214 3436 392 3502 Bukewrth
433 3435 674 3521 [Buckworth].
730 3435 898 3500 Robertus
940 3436 1126 3501 Grimbaud
1163 3447 1255 3502 tenet

149 3541 284 3606 feodum
316 3541 345 3624 .j.
377 3540 491 3604 militis
524 3541 567 3604 de
598 3539 779 3604 Comitissa
809 3542 852 3604 de
884 3540 961 3615 Eu¹,
990 3549 1025 3604 et
1055 3561 1123 3604 non
1154 3541 1255 3606 debet

149 3657 274 3712 sectam
305 3667 414 3730 neque
443 3646 608 3710 auxilium
639 3655 674 3710 et
703 3655 780 3709 sunt
811 3645 937 3710 ibidem
967 3645 1042 3728 .viij.
1073 3645 1151 3711 hide
1185 3667 1253 3711 non

149 3750 343 3834 geldabiles

291 3929 495 3994 Hundredus
515 3928 555 3992 de
578 3929 811 3992 Normanetres
834 3928 1115 4013 [NormancrossI

216 4074 437 4190 Walmessord
448 4073 665 4190 [Wanssordl
712 4073 877 4140 Sibestone
892 4074 1044 4160 [Sibson]
1104 4179 1111 4192 ·
1136 4129 1253 4194 ΑΜ

208 4175 1080 4263 Sabeto[Strbb1ngton1etNeutm[WaterNewton]

148 4286 190 4349 de
213 4283 395 4364 Thorneya
418 4289 510 4346 tenet
532 4281 647 4344 omnia
670 4280 818 4344 maneria
834 4301 901 4364 que
921 4291 999 4345 sunt
1022 4283 1056 4345 in
1079 4283 1253 4349 hundredo

147 4387 190 4452 de
207 4387 446 4451 Normanetres
469 4405 530 4467 pro
545 4385 600 4450 .xl.
615 4383 703 4449 hidis
723 4383 956 4466 geldabilibus.
1002 4385 1047 4450 Et
1069 4387 1101 4450 in
1125 4388 1251 4454 eisdem

388 4497 394 4527 ¹
414 4495 486 4547 After
497 4497 546 4546 this
558 4497 627 4548 word
639 4497 707 4560 there
720 4498 740 4546 is
751 4513 767 4546 a
777 4511 852 4562 space
864 4498 890 4546 in
900 4497 944 4547 the
956 4497 1014 4547 ΜΒ.
