3192 5067
142 335 204 435 111]
324 337 436 435 Story
461 339 510 435 of
524 340 676 413 Emm'c
701 340 745 413 dt
769 340 1045 415 Rochechouart
1180 362 1242 432 151

259 619 310 685 70.
354 605 405 669 De
426 605 584 689 magistro
606 604 770 669 Emen'cio
791 605 830 668 de
852 604 945 687 Rupe
970 603 1133 671 Cawardi.

209 758 357 844 Quidam
373 761 510 825 clericus
526 760 713 844 alienigena
729 768 869 824 uocatus
891 760 1049 842 magister
1065 757 1249 822 Emericius
1263 761 1364 855 {pm
1383 823 1397 854 e

141 864 184 927 de
201 864 299 947 Rupe
315 864 483 931 Cawardi¹
498 865 724 949 deprehensus
741 864 805 929 fuit
820 865 852 927 in
869 864 947 927 villa
963 862 1176 946 Cantebrigie
1190 882 1250 945 per
1264 862 1400 955 {gome

141 968 317 1034 dominum
347 970 531 1033 Henricum
559 969 601 1034 de
631 970 815 1052 Hastinges
840 970 873 1032 in
901 979 1051 1051 tempore
1077 988 1193 1051 guerre
1216 976 1250 1031 et

142 1073 264 1136 carceri
291 1075 510 1156 mancipatus.
556 1071 623 1157 Qui
650 1093 726 1136 curn
757 1071 882 1137 diceret
908 1093 943 1135 se
975 1092 1072 1154 posse
1102 1072 1250 1136 inuenire

142 1177 352 1243 fideiussores
375 1178 576 1244 sufficientes
599 1179 642 1242 de
666 1177 899 1260 redempcione
922 1198 982 1240 sua
1007 1176 1168 1254 facienda,
1191 1175 1249 1239 ad-

141 1282 263 1345 ductus
278 1292 329 1347 est
345 1282 505 1365 usquead
521 1292 653 1366 portam
666 1283 708 1346 de
721 1281 923 1345 Bemewelle
936 1280 1076 1343 uinculis
1087 1281 1267 1355 astrictus„

141 1387 341 1469 rogauitque
365 1388 511 1450 Priorem
535 1386 723 1469 Julianum'
748 1385 919 1450 humiliter
940 1386 1031 1468 quod
1055 1383 1250 1448 fideiuberet

141 1509 204 1571 pro
218 1510 267 1553 eo,
298 1489 368 1555 Sed
385 1490 479 1553 Prior
493 1490 609 1567 noluit,
619 1499 691 1554 turn
707 1490 786 1572 quia
802 1488 998 1572 alienagena
1008 1488 1081 1570 (sic)
1098 1489 1168 1566 fuit,
1178 1498 1249 1552 tum

141 1592 221 1675 quia
243 1593 391 1657 instabat
414 1604 546 1677 tempus
570 1614 694 1676 guerre.
742 1594 787 1658 Et
810 1593 857 1657 sic
880 1594 1045 1658 adductus
1069 1603 1139 1657 erat
1160 1592 1249 1657 idem

141 1697 301 1779 magister
331 1718 437 1780 usque
466 1698 499 1760 in
531 1696 794 1781 Suff[olchiam]‚
824 1707 858 1763 et
888 1699 1008 1761 carceri
1040 1699 1249 1781 mancipatus

141 1822 316 1886 quousque
342 1824 437 1868 suam
464 1804 543 1868 fecit
570 1804 848 1887 redempcionem.
896 1804 1072 1868 Liberatus
1099 1824 1178 1867 uero
1207 1804 1249 1867 de

141 1908 275 1989 prisona
304 1908 472 1991 profectus
504 1909 657 1986 London,
688 1919 873 1993 expectans
904 1908 1051 1973 feliciora
1088 1918 1248 1990 tempora.

142 2009 356 2075 Adueniente
386 2034 466 2076 uero
496 2023 648 2095 tempore
678 2014 771 2096 pacis
802 2014 880 2077 fecit
910 2014 1003 2077 citari
1033 2013 1179 2075 Priorem
1207 2013 1249 2076 de

143 2115 345 2180 Bemewelle
371 2138 483 2181 corarn
509 2117 677 2200 judicibus
703 2118 772 2182 suis
799 2118 970 2201 delegatis,
995 2127 1113 2199 petens
1139 2116 1183 2180 ab
1208 2137 1249 2180 eo

141 2228 275 2281 centum
303 2217 404 2283 libras
430 2220 664 2302 sterlingorum
692 2240 732 2283 eo
759 2220 860 2301 quod,
886 2239 962 2282 curn
990 2218 1126 2281 clericus
1153 2226 1249 2295 esset,

141 2322 257 2387 debuit
283 2344 360 2387 eum
388 2324 546 2389 liberasse
571 2326 614 2389 de
638 2324 792 2389 manibus
816 2323 1024 2387 inimicorum
1049 2342 1193 2397 suorum,
1215 2331 1249 2386 et

142 2426 258 2491 noluit
303 2428 396 2492 Prior
411 2450 490 2493 uero
505 2429 709 2494 defendebat
724 2450 760 2493 se
776 2429 921 2505 uiriliter,
938 2436 970 2492 et
986 2428 1085 2492 datus
1100 2438 1151 2492 est
1166 2427 1249 2491 alius

142 2531 214 2595 dies
232 2532 342 2596 eidem
362 2533 466 2597 Priori
487 2533 561 2599 loco
576 2554 645 2617 quo
660 2534 759 2616 prins,
776 2533 820 2597 ad
836 2534 1063 2617 recipiendum
1079 2543 1113 2597 et
1128 2532 1249 2597 sacien-

142 2635 223 2698 dum
246 2635 337 2717 quod
360 2635 415 2717 jus
439 2636 625 2701 dictauerit.
672 2637 885 2721 Perpendens
910 2639 1001 2702 Prior
1024 2640 1137 2721 itaque
1158 2636 1249 2721 quod

142 2760 209 2803 non
241 2747 373 2822 poterat
403 2740 448 2802 ibi
479 2739 536 2803 diu
569 2739 697 2824 litigare
727 2743 799 2806 sine
830 2742 998 2806 laboribus
1029 2752 1063 2807 et
1092 2742 1250 2825 expensis

141 2844 358 2927 grauioribus,
380 2843 459 2908 fecit
479 2865 556 2907 curn
581 2846 700 2909 eodem
722 2847 884 2928 magistro
908 2867 1025 2929 pacem
1050 2868 1110 2929 pro
1133 2848 1249 2913 decern

140 2948 232 3011 libris
255 2946 489 3030 sterlingorum
510 2968 593 3031 quas
615 2950 644 3012 ei
666 2949 766 3014 soluit
788 2950 874 3014 infra
894 2952 995 3015 breue
1016 2960 1155 3034 tempus.
1203 2952 1249 3018 Et

140 3050 298 3113 sustinuit
329 3048 423 3113 Prior
453 3050 613 3114 iacturam
644 3062 679 3116 et
709 3053 895 3136 dampnum
926 3052 1015 3117 vnde
1052 3054 1143 3137 prius
1181 3075 1248 3119 non

141 3154 304 3219 habuerat
326 3153 601 3220 emolumentum.

243 3427 293 3492 71.
339 3409 391 3474 De
404 3411 539 3494 placitis
560 3412 595 3475 in
619 3412 732 3476 itinere
742 3412 1010 3495 justicr'ariomm
1032 3434 1140 3477 coram

293 3513 423 3577 domino
438 3512 591 3597 johanne
612 3513 652 3576 de
682 3513 829 3578 Vallibus
850 3524 882 3577 et
902 3515 997 3599 socr'js
1018 3514 1097 3580 rurs.

207 3667 311 3731 Anno
337 3668 430 3751 regni
457 3668 543 3749 regis
568 3667 745 3732 Eadwardi
890 3668 1048 3733 sederunt
1072 3668 1245 3753 justiciarij
1261 3683 1412 3776 Jrhinlmm

141 3770 335 3833 itinerantes
377 3768 420 3832 ad
462 3767 618 3833 Castrum
661 3769 876 3853 Cantebrigie
920 3770 1046 3834 scilicet
1091 3772 1269 3876 dominuq
1288 3785 1364 3827 uice·

139 3870 339 3957 J[ohannes]
364 3873 406 3935 de
430 3872 607 3949 Vallibus'‚
631 3872 820 3937 Willelmus
841 3874 883 3937 de
905 3873 1055 3952 Saham⁴‚
1076 3874 1248 3957 Johannes
1261 3834 1399 3928 sedibilis

188 4006 198 4038 ¹
216 4008 415 4065 Rochechouarr,
426 4023 442 4057 a
453 4016 521 4057 town
533 4008 559 4057 in
571 4008 669 4059 Frenoe
680 4009 909 4071 (Haute·Vienne).

186 4087 197 4120 ¹
212 4090 268 4141 'ibe
279 4106 355 4141 neme
365 4090 387 4140 is
397 4090 532 4141 elsewhere
543 4092 642 4142 written
651 4092 765 4157 Jolrurus.

187 4172 199 4205 ⁸
212 4175 282 4239 John
297 4175 330 4225 de
345 4175 419 4225 Vens
429 4190 481 4225 was
493 4175 630 4241 appointed
643 4176 733 4240 justice
748 4176 865 4227 itinersnt
880 4175 905 4224 in
925 4176 1002 4240 ¹²⁷&
1026 4176 1075 4226 md
1090 4176 1117 4226 iu
1137 4177 1248 4241 tado—3

139 4256 248 4307 steverd
259 4254 289 4305 ol
296 4256 442 4322 Aquiteine.
477 4258 520 4307 He
531 4257 591 4307 died
605 4259 676 4309 1288.

187 4336 200 4369 ⁴
215 4338 283 4389 Wm.
299 4339 332 4389 de
349 4340 444 4391 Sabain
459 4340 495 4404 (in
511 4339 631 4403 Norlollr)
647 4356 699 4390 was
714 4339 797 4390 raised
812 4348 839 4389 to
856 4338 899 4389 the
914 4340 996 4389 bench
1012 4356 1046 4389 on
1062 4340 1106 4390 tbe
1120 4340 1248 4391 aoession

139 4421 169 4473 ol
178 4422 287 4471 Edwnrd
299 4422 321 4471 l.
357 4422 387 4471 In
403 4425 464 4490 1289
475 4422 508 4472 he
519 4422 609 4473 shered
620 4423 663 4474 the
674 4424 787 4488 disgrace
799 4422 829 4472 ol
837 4438 912 4488 many
923 4423 999 4473 olbis
1009 4424 1136 4474 bretbren.
