<?xml version="1.0" encoding="UTF-8"?>
<!DOCTYPE html PUBLIC "-//W3C//DTD XHTML 1.0 Transitional//EN"
    "http://www.w3.org/TR/xhtml1/DTD/xhtml1-transitional.dtd">
<html xmlns="http://www.w3.org/1999/xhtml" xml:lang="en" lang="en">
 <head>
  <title>
</title>
<meta http-equiv="Content-Type" content="text/html;charset=utf-8" />
  <meta name='ocr-system' content='tesseract 3.04.00' />
  <meta name='ocr-capabilities' content='ocr_page ocr_carea ocr_par ocr_line ocrx_word'/>
</head>
<body>
  <div class='ocr_page' id='page_1' title='image "./libermemorandor01clargoog/libermemorandor01clargoog_0209.png"; bbox 0 0 3192 5067; ppageno 0'>
   <div class='ocr_carea' id='block_1_1' title="bbox 179 329 1278 431">
    <p class='ocr_par' dir='ltr' id='par_1_1' title="bbox 179 329 1278 431">
     <span class='ocr_line' id='line_1_1' title="bbox 179 329 1278 431; baseline -0.002 -26"><span class='ocrx_word' id='word_1_1' title='bbox 179 332 241 431; x_wconf 90' lang='lat'>111]</span> <span class='ocrx_word' id='word_1_2' title='bbox 301 333 391 410; x_wconf 76' lang='lat' dir='ltr'><strong>Casa</strong></span> <span class='ocrx_word' id='word_1_3' title='bbox 416 335 567 431; x_wconf 77' lang='lat' dir='ltr'><em>against</em></span> <span class='ocrx_word' id='word_1_4' title='bbox 591 334 652 407; x_wconf 79' lang='lat' dir='ltr'><strong>the</strong></span> <span class='ocrx_word' id='word_1_5' title='bbox 677 334 718 406; x_wconf 82' lang='lat' dir='ltr'><em>A</em></span> <span class='ocrx_word' id='word_1_6' title='bbox 723 332 922 407; x_wconf 72' lang='lat' dir='ltr'><strong>reideacon</strong></span> <span class='ocrx_word' id='word_1_7' title='bbox 948 332 996 429; x_wconf 85' lang='lat' dir='ltr'><strong>os</strong></span> <span class='ocrx_word' id='word_1_8' title='bbox 1014 329 1162 430; x_wconf 83' lang='lat' dir='ltr'><strong>Suffolk</strong></span> <span class='ocrx_word' id='word_1_9' title='bbox 1214 356 1278 423; x_wconf 87' lang='lat'><strong>141</strong></span> 
     </span>
    </p>
   </div>
   <div class='ocr_carea' id='block_1_2' title="bbox 179 518 1417 617">
    <p class='ocr_par' dir='ltr' id='par_1_2' title="bbox 179 518 1417 617">
     <span class='ocr_line' id='line_1_2' title="bbox 179 518 1417 617; baseline -0.002 -35"><span class='ocrx_word' id='word_1_10' title='bbox 179 518 351 582; x_wconf 90' lang='lat' dir='ltr'><strong>reddendo</strong></span> <span class='ocrx_word' id='word_1_11' title='bbox 371 519 433 582; x_wconf 86' lang='lat' dir='ltr'>sibi</span> <span class='ocrx_word' id='word_1_12' title='bbox 455 528 489 583; x_wconf 89' lang='lat' dir='ltr'><strong>et</strong></span> <span class='ocrx_word' id='word_1_13' title='bbox 512 520 689 583; x_wconf 87' lang='lat' dir='ltr'>heredibus</span> <span class='ocrx_word' id='word_1_14' title='bbox 712 520 779 584; x_wconf 90' lang='lat' dir='ltr'><strong>suis</strong></span> <span class='ocrx_word' id='word_1_15' title='bbox 803 541 862 604; x_wconf 89' lang='lat' dir='ltr'><strong>per</strong></span> <span class='ocrx_word' id='word_1_16' title='bbox 885 540 1009 584; x_wconf 88' lang='lat' dir='ltr'><strong>annum</strong></span> <span class='ocrx_word' id='word_1_17' title='bbox 1034 518 1080 601; x_wconf 89' lang='lat' dir='ltr'><strong>.j.</strong></span> <span class='ocrx_word' id='word_1_18' title='bbox 1103 518 1286 591; x_wconf 90' lang='lat' dir='ltr'><strong>denarium,</strong></span> <span class='ocrx_word' id='word_1_19' title='bbox 1300 526 1369 617; x_wconf 51' lang='lat'><strong>1333</strong></span> <span class='ocrx_word' id='word_1_20' title='bbox 1374 524 1417 567; x_wconf 69' lang='lat' dir='ltr'><strong>un</strong></span> 
     </span>
    </p>
   </div>
   <div class='ocr_carea' id='block_1_3' title="bbox 180 621 1413 718">
    <p class='ocr_par' dir='ltr' id='par_1_3' title="bbox 180 621 1413 718">
     <span class='ocr_line' id='line_1_3' title="bbox 180 621 1413 718; baseline 0.002 -33"><span class='ocrx_word' id='word_1_21' title='bbox 180 621 306 686; x_wconf 91' lang='lat' dir='ltr'><strong>nullam</strong></span> <span class='ocrx_word' id='word_1_22' title='bbox 330 622 452 686; x_wconf 82' lang='lat' dir='ltr'><strong>sacieris</strong></span> <span class='ocrx_word' id='word_1_23' title='bbox 476 626 684 687; x_wconf 87' lang='lat' dir='ltr'><strong>mencionem</strong></span> <span class='ocrx_word' id='word_1_24' title='bbox 708 624 751 687; x_wconf 89' lang='lat' dir='ltr'><strong>de</strong></span> <span class='ocrx_word' id='word_1_25' title='bbox 773 624 951 707; x_wconf 85' lang='lat' dir='ltr'><strong>sexaginta</strong></span> <span class='ocrx_word' id='word_1_26' title='bbox 978 622 1093 687; x_wconf 91' lang='lat' dir='ltr'><strong>solidis</strong></span> <span class='ocrx_word' id='word_1_27' title='bbox 1117 621 1313 686; x_wconf 86' lang='lat' dir='ltr'><strong>soluendis·</strong></span> <span class='ocrx_word' id='word_1_28' title='bbox 1332 626 1413 718; x_wconf 49' lang='lat' dir='ltr'><strong>tffidhe</strong></span> 
     </span>
    </p>
   </div>
   <div class='ocr_carea' id='block_1_4' title="bbox 181 724 1430 818">
    <p class='ocr_par' dir='ltr' id='par_1_4' title="bbox 181 724 1430 818">
     <span class='ocr_line' id='line_1_4' title="bbox 181 724 1430 818; baseline 0.004 -31"><span class='ocrx_word' id='word_1_29' title='bbox 181 724 282 788; x_wconf 93' lang='lat' dir='ltr'><strong>Priori</strong></span> <span class='ocrx_word' id='word_1_30' title='bbox 299 727 342 789; x_wconf 90' lang='lat' dir='ltr'><strong>de</strong></span> <span class='ocrx_word' id='word_1_31' title='bbox 358 727 560 790; x_wconf 90' lang='lat' dir='ltr'><strong>Bernewelle</strong></span> <span class='ocrx_word' id='word_1_32' title='bbox 575 748 634 810; x_wconf 91' lang='lat' dir='ltr'><strong>per</strong></span> <span class='ocrx_word' id='word_1_33' title='bbox 645 748 779 791; x_wconf 89' lang='lat' dir='ltr'><strong>annum.</strong></span> <span class='ocrx_word' id='word_1_34' title='bbox 815 726 892 811; x_wconf 86' lang='lat' dir='ltr'><strong>Quo</strong></span> <span class='ocrx_word' id='word_1_35' title='bbox 906 728 1003 804; x_wconf 86' lang='lat' dir='ltr'><strong>iact0,</strong></span> <span class='ocrx_word' id='word_1_36' title='bbox 1016 727 1103 789; x_wconf 90' lang='lat' dir='ltr'><strong>idem</strong></span> <span class='ocrx_word' id='word_1_37' title='bbox 1119 727 1286 789; x_wconf 88' lang='lat' dir='ltr'><strong>Robertus</strong></span> <span class='ocrx_word' id='word_1_38' title='bbox 1298 728 1393 818; x_wconf 54' lang='lat'><strong>3323„</strong></span> <span class='ocrx_word' id='word_1_39' title='bbox 1402 776 1430 817; x_wconf 61' lang='lat' dir='ltr'><strong>of</strong></span> 
     </span>
    </p>
   </div>
   <div class='ocr_carea' id='block_1_5' title="bbox 179 827 1432 3411">
    <p class='ocr_par' dir='ltr' id='par_1_5' title="bbox 179 827 1432 3411">
     <span class='ocr_line' id='line_1_5' title="bbox 179 827 1412 927; baseline 0.001 -35"><span class='ocrx_word' id='word_1_40' title='bbox 179 829 263 892; x_wconf 92' lang='lat' dir='ltr'><strong>obiit</strong></span> <span class='ocrx_word' id='word_1_41' title='bbox 288 830 373 894; x_wconf 88' lang='lat' dir='ltr'><strong>inira</strong></span> <span class='ocrx_word' id='word_1_42' title='bbox 399 831 577 895; x_wconf 91' lang='lat' dir='ltr'><strong>dimidium</strong></span> <span class='ocrx_word' id='word_1_43' title='bbox 605 853 729 895; x_wconf 90' lang='lat' dir='ltr'><strong>annum</strong></span> <span class='ocrx_word' id='word_1_44' title='bbox 757 842 963 915; x_wconf 87' lang='lat' dir='ltr'><strong>sequentem.</strong></span> <span class='ocrx_word' id='word_1_45' title='bbox 1010 830 1181 895; x_wconf 89' lang='lat' dir='ltr'><strong>Predictus</strong></span> <span class='ocrx_word' id='word_1_46' title='bbox 1207 827 1412 927; x_wconf 36' lang='lat' dir='ltr'><strong>uerofffflig</strong></span> 
     </span>
     <span class='ocr_line' id='line_1_6' title="bbox 180 928 1432 1018; baseline 0.001 -22"><span class='ocrx_word' id='word_1_47' title='bbox 180 933 273 997; x_wconf 87' lang='lat' dir='ltr'>Prior</span> <span class='ocrx_word' id='word_1_48' title='bbox 289 934 378 998; x_wconf 88' lang='lat' dir='ltr'><strong>misit</strong></span> <span class='ocrx_word' id='word_1_49' title='bbox 393 936 591 999; x_wconf 87' lang='lat' dir='ltr'><strong>canonicum</strong></span> <span class='ocrx_word' id='word_1_50' title='bbox 608 956 704 999; x_wconf 90' lang='lat' dir='ltr'><strong>suum</strong></span> <span class='ocrx_word' id='word_1_51' title='bbox 720 936 762 1000; x_wconf 90' lang='lat' dir='ltr'><strong>ad</strong></span> <span class='ocrx_word' id='word_1_52' title='bbox 781 936 947 1003; x_wconf 88' lang='lat' dir='ltr'><strong>Burstalle</strong></span> <span class='ocrx_word' id='word_1_53' title='bbox 962 938 1004 1000; x_wconf 90' lang='lat' dir='ltr'><strong>ad</strong></span> <span class='ocrx_word' id='word_1_54' title='bbox 1018 934 1284 1018; x_wconf 86' lang='lat' dir='ltr'><strong>distringendum</strong></span> <span class='ocrx_word' id='word_1_55' title='bbox 1299 928 1432 969; x_wconf 82' lang='lat'>¹²⁸⁰·¹²⁸¹·</span> 
     </span>
     <span class='ocr_line' id='line_1_7' title="bbox 180 1038 1286 1120; baseline 0.001 -20"><span class='ocrx_word' id='word_1_56' title='bbox 180 1058 241 1120; x_wconf 92' lang='lat' dir='ltr'><strong>pro</strong></span> <span class='ocrx_word' id='word_1_57' title='bbox 272 1038 401 1103; x_wconf 87' lang='lat' dir='ltr'><strong>redditu</strong></span> <span class='ocrx_word' id='word_1_58' title='bbox 433 1040 495 1104; x_wconf 92' lang='lat' dir='ltr'><strong>sibi</strong></span> <span class='ocrx_word' id='word_1_59' title='bbox 527 1040 642 1104; x_wconf 90' lang='lat' dir='ltr'><strong>debito</strong></span> <span class='ocrx_word' id='word_1_60' title='bbox 671 1048 705 1104; x_wconf 89' lang='lat' dir='ltr'><strong>et</strong></span> <span class='ocrx_word' id='word_1_61' title='bbox 733 1041 865 1117; x_wconf 89' lang='lat' dir='ltr'><strong>releuio,</strong></span> <span class='ocrx_word' id='word_1_62' title='bbox 895 1042 953 1105; x_wconf 91' lang='lat' dir='ltr'><strong>sed</strong></span> <span class='ocrx_word' id='word_1_63' title='bbox 986 1041 1127 1104; x_wconf 90' lang='lat' dir='ltr'><strong>ministri</strong></span> <span class='ocrx_word' id='word_1_64' title='bbox 1158 1038 1286 1103; x_wconf 91' lang='lat' dir='ltr'><strong>domini</strong></span> 
     </span>
     <span class='ocr_line' id='line_1_8' title="bbox 180 1141 1288 1227; baseline 0.003 -23"><span class='ocrx_word' id='word_1_65' title='bbox 180 1141 312 1206; x_wconf 89' lang='lat' dir='ltr'><strong>Thome</strong></span> <span class='ocrx_word' id='word_1_66' title='bbox 333 1163 399 1207; x_wconf 89' lang='lat' dir='ltr'><strong>non</strong></span> <span class='ocrx_word' id='word_1_67' title='bbox 422 1145 643 1227; x_wconf 90' lang='lat' dir='ltr'><strong>permiserunt</strong></span> <span class='ocrx_word' id='word_1_68' title='bbox 664 1166 740 1209; x_wconf 92' lang='lat' dir='ltr'><strong>eum</strong></span> <span class='ocrx_word' id='word_1_69' title='bbox 760 1146 926 1210; x_wconf 90' lang='lat' dir='ltr'><strong>adducere</strong></span> <span class='ocrx_word' id='word_1_70' title='bbox 942 1145 1175 1217; x_wconf 83' lang='lat' dir='ltr'><strong>districtiones,</strong></span> <span class='ocrx_word' id='word_1_71' title='bbox 1191 1144 1288 1207; x_wconf 89' lang='lat' dir='ltr'><strong>etsie</strong></span> 
     </span>
     <span class='ocr_line' id='line_1_9' title="bbox 180 1246 1288 1332; baseline 0.003 -25"><span class='ocrx_word' id='word_1_72' title='bbox 180 1246 278 1309; x_wconf 92' lang='lat' dir='ltr'><strong>rediit</strong></span> <span class='ocrx_word' id='word_1_73' title='bbox 304 1247 392 1310; x_wconf 89' lang='lat' dir='ltr'><strong>idem</strong></span> <span class='ocrx_word' id='word_1_74' title='bbox 420 1248 599 1313; x_wconf 89' lang='lat' dir='ltr'><strong>canonicus</strong></span> <span class='ocrx_word' id='word_1_75' title='bbox 624 1248 747 1313; x_wconf 86' lang='lat' dir='ltr'><strong>iniecto</strong></span> <span class='ocrx_word' id='word_1_76' title='bbox 770 1252 911 1331; x_wconf 85' lang='lat' dir='ltr'><strong>negocio</strong></span> <span class='ocrx_word' id='word_1_77' title='bbox 934 1258 1118 1332; x_wconf 89' lang='lat' dir='ltr'><strong>expectans</strong></span> <span class='ocrx_word' id='word_1_78' title='bbox 1142 1247 1288 1311; x_wconf 82' lang='lat' dir='ltr'><strong>feliciora</strong></span> 
     </span>
     <span class='ocr_line' id='line_1_10' title="bbox 179 1352 1288 1437; baseline 0.002 -24"><span class='ocrx_word' id='word_1_79' title='bbox 179 1358 339 1433; x_wconf 83' lang='lat' dir='ltr'><strong>tempora</strong></span> <span class='ocrx_word' id='word_1_80' title='bbox 387 1352 480 1415; x_wconf 91' lang='lat' dir='ltr'><strong>Prior</strong></span> <span class='ocrx_word' id='word_1_81' title='bbox 502 1373 580 1416; x_wconf 91' lang='lat' dir='ltr'><strong>uero</strong></span> <span class='ocrx_word' id='word_1_82' title='bbox 603 1354 746 1418; x_wconf 88' lang='lat' dir='ltr'><strong>cessauit</strong></span> <span class='ocrx_word' id='word_1_83' title='bbox 769 1376 828 1437; x_wconf 90' lang='lat' dir='ltr'><strong>per</strong></span> <span class='ocrx_word' id='word_1_84' title='bbox 850 1375 912 1417; x_wconf 89' lang='lat' dir='ltr'><strong>sex</strong></span> <span class='ocrx_word' id='word_1_85' title='bbox 935 1375 1041 1417; x_wconf 89' lang='lat' dir='ltr'><strong>annos</strong></span> <span class='ocrx_word' id='word_1_86' title='bbox 1068 1352 1243 1415; x_wconf 91' lang='lat' dir='ltr'><strong>continuos</strong></span> <span class='ocrx_word' id='word_1_87' title='bbox 1267 1373 1288 1415; x_wconf 87' lang='lat' dir='ltr'><strong>a</strong></span> 
     </span>
     <span class='ocr_line' id='line_1_11' title="bbox 180 1452 1286 1539; baseline 0.002 -22"><span class='ocrx_word' id='word_1_88' title='bbox 180 1452 395 1519; x_wconf 89' lang='lat' dir='ltr'><strong>districtione.</strong></span> <span class='ocrx_word' id='word_1_89' title='bbox 442 1455 599 1539; x_wconf 88' lang='lat' dir='ltr'><strong>Expletis</strong></span> <span class='ocrx_word' id='word_1_90' title='bbox 622 1478 703 1521; x_wconf 89' lang='lat' dir='ltr'><strong>uero</strong></span> <span class='ocrx_word' id='word_1_91' title='bbox 725 1478 786 1521; x_wconf 89' lang='lat' dir='ltr'><strong>sex</strong></span> <span class='ocrx_word' id='word_1_92' title='bbox 810 1459 914 1532; x_wconf 88' lang='lat' dir='ltr'><strong>annis,</strong></span> <span class='ocrx_word' id='word_1_93' title='bbox 936 1460 1055 1521; x_wconf 90' lang='lat' dir='ltr'><strong>iterum</strong></span> <span class='ocrx_word' id='word_1_94' title='bbox 1077 1456 1175 1538; x_wconf 90' lang='lat' dir='ltr'><strong>redijt</strong></span> <span class='ocrx_word' id='word_1_95' title='bbox 1198 1456 1286 1519; x_wconf 89' lang='lat' dir='ltr'><strong>idem</strong></span> 
     </span>
     <span class='ocr_line' id='line_1_12' title="bbox 180 1559 1287 1638; baseline 0.003 -18"><span class='ocrx_word' id='word_1_96' title='bbox 180 1559 359 1622; x_wconf 90' lang='lat' dir='ltr'><strong>canonicus</strong></span> <span class='ocrx_word' id='word_1_97' title='bbox 388 1560 432 1622; x_wconf 89' lang='lat' dir='ltr'><strong>ad</strong></span> <span class='ocrx_word' id='word_1_98' title='bbox 463 1560 651 1625; x_wconf 87' lang='lat' dir='ltr'><strong>iaciendum</strong></span> <span class='ocrx_word' id='word_1_99' title='bbox 683 1562 936 1638; x_wconf 89' lang='lat' dir='ltr'><strong>districtionem,</strong></span> <span class='ocrx_word' id='word_1_100' title='bbox 963 1571 997 1626; x_wconf 92' lang='lat' dir='ltr'><strong>et</strong></span> <span class='ocrx_word' id='word_1_101' title='bbox 1029 1561 1157 1625; x_wconf 88' lang='lat' dir='ltr'><strong>inuenit</strong></span> <span class='ocrx_word' id='word_1_102' title='bbox 1187 1580 1287 1624; x_wconf 91' lang='lat' dir='ltr'><strong>vnam</strong></span> 
     </span>
     <span class='ocr_line' id='line_1_13' title="bbox 180 1666 1286 1750; baseline 0.004 -25"><span class='ocrx_word' id='word_1_103' title='bbox 180 1682 333 1726; x_wconf 88' lang='lat' dir='ltr'><strong>eamcam</strong></span> <span class='ocrx_word' id='word_1_104' title='bbox 364 1674 513 1729; x_wconf 90' lang='lat' dir='ltr'><strong>arantem</strong></span> <span class='ocrx_word' id='word_1_105' title='bbox 545 1666 579 1728; x_wconf 91' lang='lat' dir='ltr'><strong>in</strong></span> <span class='ocrx_word' id='word_1_106' title='bbox 611 1666 709 1729; x_wconf 89' lang='lat' dir='ltr'><strong>feodo</strong></span> <span class='ocrx_word' id='word_1_107' title='bbox 739 1666 805 1743; x_wconf 92' lang='lat' dir='ltr'><strong>illo,</strong></span> <span class='ocrx_word' id='word_1_108' title='bbox 832 1676 865 1730; x_wconf 90' lang='lat' dir='ltr'><strong>et</strong></span> <span class='ocrx_word' id='word_1_109' title='bbox 895 1668 1052 1750; x_wconf 89' lang='lat' dir='ltr'><strong>apposuit</strong></span> <span class='ocrx_word' id='word_1_110' title='bbox 1080 1686 1216 1729; x_wconf 89' lang='lat' dir='ltr'><strong>manum</strong></span> <span class='ocrx_word' id='word_1_111' title='bbox 1243 1667 1286 1729; x_wconf 89' lang='lat' dir='ltr'><strong>ad</strong></span> 
     </span>
     <span class='ocr_line' id='line_1_14' title="bbox 180 1763 1287 1848; baseline 0.006 -21"><span class='ocrx_word' id='word_1_112' title='bbox 180 1763 454 1848; x_wconf 84' lang='lat' dir='ltr'><strong>distringendum.</strong></span> <span class='ocrx_word' id='word_1_113' title='bbox 523 1768 591 1834; x_wconf 91' lang='lat' dir='ltr'><strong>Sed</strong></span> <span class='ocrx_word' id='word_1_114' title='bbox 628 1771 786 1833; x_wconf 89' lang='lat' dir='ltr'><strong>camearii</strong></span> <span class='ocrx_word' id='word_1_115' title='bbox 823 1770 971 1834; x_wconf 83' lang='lat' dir='ltr'><strong>iecerunt</strong></span> <span class='ocrx_word' id='word_1_116' title='bbox 1008 1768 1215 1847; x_wconf 84' lang='lat' dir='ltr'><strong>soristallum,</strong></span> <span class='ocrx_word' id='word_1_117' title='bbox 1253 1779 1287 1834; x_wconf 92' lang='lat' dir='ltr'><strong>et</strong></span> 
     </span>
     <span class='ocr_line' id='line_1_15' title="bbox 181 1869 1288 1956; baseline 0.004 -23"><span class='ocrx_word' id='word_1_118' title='bbox 181 1869 336 1952; x_wconf 87' lang='lat' dir='ltr'><strong>iugemnt</strong></span> <span class='ocrx_word' id='word_1_119' title='bbox 351 1893 427 1936; x_wconf 91' lang='lat' dir='ltr'><strong>curn</strong></span> <span class='ocrx_word' id='word_1_120' title='bbox 444 1882 516 1936; x_wconf 89' lang='lat' dir='ltr'><strong>tota</strong></span> <span class='ocrx_word' id='word_1_121' title='bbox 531 1894 658 1948; x_wconf 89' lang='lat' dir='ltr'><strong>caruca,</strong></span> <span class='ocrx_word' id='word_1_122' title='bbox 676 1883 709 1938; x_wconf 92' lang='lat' dir='ltr'><strong>et</strong></span> <span class='ocrx_word' id='word_1_123' title='bbox 729 1874 908 1939; x_wconf 88' lang='lat' dir='ltr'><strong>canonicus</strong></span> <span class='ocrx_word' id='word_1_124' title='bbox 930 1874 1066 1938; x_wconf 89' lang='lat' dir='ltr'><strong>uiriliter</strong></span> <span class='ocrx_word' id='word_1_125' title='bbox 1087 1874 1288 1956; x_wconf 91' lang='lat' dir='ltr'><strong>sequebatur</strong></span> 
     </span>
     <span class='ocr_line' id='line_1_16' title="bbox 180 1969 1288 2063; baseline 0.003 -25"><span class='ocrx_word' id='word_1_126' title='bbox 180 1996 237 2038; x_wconf 89' lang='lat' dir='ltr'><strong>eos</strong></span> <span class='ocrx_word' id='word_1_127' title='bbox 264 1997 340 2039; x_wconf 89' lang='lat' dir='ltr'><strong>cum</strong></span> <span class='ocrx_word' id='word_1_128' title='bbox 367 1977 500 2040; x_wconf 88' lang='lat' dir='ltr'><strong>hutasio</strong></span> <span class='ocrx_word' id='word_1_129' title='bbox 527 1969 561 2042; x_wconf 89' lang='lat' dir='ltr'><strong>et</strong></span> <span class='ocrx_word' id='word_1_130' title='bbox 587 1999 700 2055; x_wconf 89' lang='lat' dir='ltr'><strong>cornu,</strong></span> <span class='ocrx_word' id='word_1_131' title='bbox 729 1988 763 2043; x_wconf 88' lang='lat' dir='ltr'><strong>et</strong></span> <span class='ocrx_word' id='word_1_132' title='bbox 790 1979 974 2063; x_wconf 91' lang='lat' dir='ltr'><strong>publicauit</strong></span> <span class='ocrx_word' id='word_1_133' title='bbox 1001 1978 1197 2043; x_wconf 87' lang='lat' dir='ltr'><strong>ioristallum</strong></span> <span class='ocrx_word' id='word_1_134' title='bbox 1229 1999 1288 2061; x_wconf 91' lang='lat' dir='ltr'><strong>per</strong></span> 
     </span>
     <span class='ocr_line' id='line_1_17' title="bbox 179 2081 1286 2165; baseline 0.003 -22"><span class='ocrx_word' id='word_1_135' title='bbox 179 2089 287 2143; x_wconf 89' lang='lat' dir='ltr'><strong>totam</strong></span> <span class='ocrx_word' id='word_1_136' title='bbox 317 2081 440 2159; x_wconf 91' lang='lat' dir='ltr'><strong>villam,</strong></span> <span class='ocrx_word' id='word_1_137' title='bbox 470 2091 504 2145; x_wconf 90' lang='lat' dir='ltr'><strong>et</strong></span> <span class='ocrx_word' id='word_1_138' title='bbox 534 2102 594 2165; x_wconf 90' lang='lat' dir='ltr'><strong>per</strong></span> <span class='ocrx_word' id='word_1_139' title='bbox 622 2082 718 2146; x_wconf 93' lang='lat' dir='ltr'><strong>villas</strong></span> <span class='ocrx_word' id='word_1_140' title='bbox 756 2083 955 2147; x_wconf 89' lang='lat' dir='ltr'><strong>adiacentes.</strong></span> <span class='ocrx_word' id='word_1_141' title='bbox 1016 2082 1112 2148; x_wconf 90' lang='lat' dir='ltr'><strong>Tunc</strong></span> <span class='ocrx_word' id='word_1_142' title='bbox 1150 2083 1286 2165; x_wconf 92' lang='lat' dir='ltr'><strong>quidem</strong></span> 
     </span>
     <span class='ocr_line' id='line_1_18' title="bbox 180 2183 1286 2269; baseline 0.003 -23"><span class='ocrx_word' id='word_1_143' title='bbox 180 2184 372 2266; x_wconf 87' lang='lat' dir='ltr'><strong>impetrauit</strong></span> <span class='ocrx_word' id='word_1_144' title='bbox 403 2183 495 2247; x_wconf 88' lang='lat' dir='ltr'><strong>Prior</strong></span> <span class='ocrx_word' id='word_1_145' title='bbox 523 2184 625 2249; x_wconf 90' lang='lat' dir='ltr'><strong>breue</strong></span> <span class='ocrx_word' id='word_1_146' title='bbox 656 2206 743 2248; x_wconf 88' lang='lat' dir='ltr'><strong>noue</strong></span> <span class='ocrx_word' id='word_1_147' title='bbox 772 2186 959 2269; x_wconf 89' lang='lat' dir='ltr'><strong>dissaysine</strong></span> <span class='ocrx_word' id='word_1_148' title='bbox 986 2206 1085 2269; x_wconf 90' lang='lat' dir='ltr'><strong>super</strong></span> <span class='ocrx_word' id='word_1_149' title='bbox 1112 2186 1286 2250; x_wconf 90' lang='lat' dir='ltr'><strong>dominum</strong></span> 
     </span>
     <span class='ocr_line' id='line_1_19' title="bbox 180 2286 1285 2373; baseline 0.002 -22"><span class='ocrx_word' id='word_1_150' title='bbox 180 2286 348 2351; x_wconf 90' lang='lat' dir='ltr'><strong>Thomam</strong></span> <span class='ocrx_word' id='word_1_151' title='bbox 372 2296 405 2351; x_wconf 94' lang='lat' dir='ltr'><strong>et</strong></span> <span class='ocrx_word' id='word_1_152' title='bbox 428 2288 539 2371; x_wconf 89' lang='lat' dir='ltr'><strong>plures</strong></span> <span class='ocrx_word' id='word_1_153' title='bbox 561 2288 653 2367; x_wconf 87' lang='lat' dir='ltr'><strong>alios,</strong></span> <span class='ocrx_word' id='word_1_154' title='bbox 677 2298 710 2352; x_wconf 92' lang='lat' dir='ltr'><strong>et</strong></span> <span class='ocrx_word' id='word_1_155' title='bbox 734 2289 796 2353; x_wconf 88' lang='lat' dir='ltr'><strong>suit</strong></span> <span class='ocrx_word' id='word_1_156' title='bbox 820 2290 980 2372; x_wconf 91' lang='lat' dir='ltr'><strong>placitum</strong></span> <span class='ocrx_word' id='word_1_157' title='bbox 1005 2292 1171 2354; x_wconf 88' lang='lat' dir='ltr'><strong>intereos</strong></span> <span class='ocrx_word' id='word_1_158' title='bbox 1195 2292 1285 2373; x_wconf 91' lang='lat' dir='ltr'><strong>apud</strong></span> 
     </span>
     <span class='ocr_line' id='line_1_20' title="bbox 181 2391 1287 2476; baseline 0.003 -21"><span class='ocrx_word' id='word_1_159' title='bbox 181 2391 358 2455; x_wconf 89' lang='lat' dir='ltr'><strong>Cateshale</strong></span> <span class='ocrx_word' id='word_1_160' title='bbox 388 2412 500 2455; x_wconf 89' lang='lat' dir='ltr'><strong>coram</strong></span> <span class='ocrx_word' id='word_1_161' title='bbox 535 2392 726 2475; x_wconf 89' lang='lat' dir='ltr'><strong>justiciarijs</strong></span> <span class='ocrx_word' id='word_1_162' title='bbox 756 2394 935 2476; x_wconf 86' lang='lat' dir='ltr'><strong>assignatis</strong></span> <span class='ocrx_word' id='word_1_163' title='bbox 965 2394 1119 2458; x_wconf 89' lang='lat' dir='ltr'><strong>videlicet</strong></span> <span class='ocrx_word' id='word_1_164' title='bbox 1148 2396 1287 2458; x_wconf 90' lang='lat' dir='ltr'><strong>domino</strong></span> 
     </span>
     <span class='ocr_line' id='line_1_21' title="bbox 179 2495 1287 2581; baseline 0.002 -22"><span class='ocrx_word' id='word_1_165' title='bbox 179 2495 333 2579; x_wconf 91' lang='lat' dir='ltr'><strong>Johanne</strong></span> <span class='ocrx_word' id='word_1_166' title='bbox 354 2495 396 2558; x_wconf 90' lang='lat' dir='ltr'><strong>de</strong></span> <span class='ocrx_word' id='word_1_167' title='bbox 416 2497 585 2574; x_wconf 84' lang='lat' dir='ltr'><strong>Louet0t1,</strong></span> <span class='ocrx_word' id='word_1_168' title='bbox 604 2507 638 2561; x_wconf 91' lang='lat' dir='ltr'><strong>et</strong></span> <span class='ocrx_word' id='word_1_169' title='bbox 661 2497 796 2580; x_wconf 84' lang='lat' dir='ltr'><strong>Rogero</strong></span> <span class='ocrx_word' id='word_1_170' title='bbox 818 2500 860 2562; x_wconf 90' lang='lat' dir='ltr'><strong>de</strong></span> <span class='ocrx_word' id='word_1_171' title='bbox 884 2498 1083 2581; x_wconf 71' lang='lat' dir='ltr'><strong>Leycestre2.</strong></span> <span class='ocrx_word' id='word_1_172' title='bbox 1131 2500 1176 2563; x_wconf 90' lang='lat' dir='ltr'><strong>Et</strong></span> <span class='ocrx_word' id='word_1_173' title='bbox 1195 2501 1287 2563; x_wconf 87' lang='lat' dir='ltr'><strong>uenit</strong></span> 
     </span>
     <span class='ocr_line' id='line_1_22' title="bbox 180 2600 1346 2685; baseline 0.003 -22"><span class='ocrx_word' id='word_1_174' title='bbox 180 2619 305 2681; x_wconf 88' lang='lat' dir='ltr'><strong>assysa‚</strong></span> <span class='ocrx_word' id='word_1_175' title='bbox 325 2608 359 2663; x_wconf 90' lang='lat' dir='ltr'><strong>et</strong></span> <span class='ocrx_word' id='word_1_176' title='bbox 379 2600 467 2664; x_wconf 91' lang='lat' dir='ltr'><strong>dixit</strong></span> <span class='ocrx_word' id='word_1_177' title='bbox 487 2601 682 2665; x_wconf 89' lang='lat' dir='ltr'><strong>mirabiliter</strong></span> <span class='ocrx_word' id='word_1_178' title='bbox 702 2601 787 2665; x_wconf 91' lang='lat' dir='ltr'><strong>bene</strong></span> <span class='ocrx_word' id='word_1_179' title='bbox 808 2623 868 2685; x_wconf 88' lang='lat' dir='ltr'><strong>pro</strong></span> <span class='ocrx_word' id='word_1_180' title='bbox 890 2602 1010 2679; x_wconf 86' lang='lat' dir='ltr'><strong>Priore,</strong></span> <span class='ocrx_word' id='word_1_181' title='bbox 1031 2612 1065 2667; x_wconf 89' lang='lat' dir='ltr'><strong>et</strong></span> <span class='ocrx_word' id='word_1_182' title='bbox 1085 2613 1288 2667; x_wconf 88' lang='lat' dir='ltr'><strong>taxauemnt</strong></span> <span class='ocrx_word' id='word_1_183' title='bbox 1339 2661 1346 2674; x_wconf 71' lang='grc'>,</span> 
     </span>
     <span class='ocr_line' id='line_1_23' title="bbox 179 2705 1286 2789; baseline 0.002 -21"><span class='ocrx_word' id='word_1_184' title='bbox 179 2706 328 2787; x_wconf 88' lang='lat' dir='ltr'><strong>dampna</strong></span> <span class='ocrx_word' id='word_1_185' title='bbox 347 2705 467 2768; x_wconf 86' lang='lat' dir='ltr'><strong>Prioris</strong></span> <span class='ocrx_word' id='word_1_186' title='bbox 488 2705 531 2767; x_wconf 93' lang='lat' dir='ltr'><strong>ad</strong></span> <span class='ocrx_word' id='word_1_187' title='bbox 553 2705 607 2768; x_wconf 89' lang='lat' dir='ltr'><strong>.xl.</strong></span> <span class='ocrx_word' id='word_1_188' title='bbox 623 2705 748 2769; x_wconf 90' lang='lat' dir='ltr'><strong>solidos</strong></span> <span class='ocrx_word' id='word_1_189' title='bbox 769 2716 803 2769; x_wconf 89' lang='lat' dir='ltr'><strong>et</strong></span> <span class='ocrx_word' id='word_1_190' title='bbox 824 2706 989 2789; x_wconf 84' lang='lat' dir='ltr'><strong>arreragia</strong></span> <span class='ocrx_word' id='word_1_191' title='bbox 1004 2706 1152 2770; x_wconf 88' lang='lat' dir='ltr'><strong>redditus</strong></span> <span class='ocrx_word' id='word_1_192' title='bbox 1167 2706 1210 2769; x_wconf 93' lang='lat' dir='ltr'><strong>de</strong></span> <span class='ocrx_word' id='word_1_193' title='bbox 1225 2727 1286 2770; x_wconf 90' lang='lat' dir='ltr'><strong>sex</strong></span> 
     </span>
     <span class='ocr_line' id='line_1_24' title="bbox 180 2808 1288 2892; baseline 0.003 -21"><span class='ocrx_word' id='word_1_194' title='bbox 180 2810 276 2872; x_wconf 90' lang='lat' dir='ltr'><strong>annis</strong></span> <span class='ocrx_word' id='word_1_195' title='bbox 288 2808 331 2873; x_wconf 88' lang='lat' dir='ltr'><strong>ad</strong></span> <span class='ocrx_word' id='word_1_196' title='bbox 344 2808 443 2872; x_wconf 85' lang='lat' dir='ltr'><strong>xviii.</strong></span> <span class='ocrx_word' id='word_1_197' title='bbox 456 2809 556 2871; x_wconf 88' lang='lat' dir='ltr'><strong>libras</strong></span> <span class='ocrx_word' id='word_1_198' title='bbox 568 2830 657 2872; x_wconf 91' lang='lat' dir='ltr'><strong>anno</strong></span> <span class='ocrx_word' id='word_1_199' title='bbox 670 2810 764 2891; x_wconf 82' lang='lat' dir='ltr'><strong>regni¹</strong></span> <span class='ocrx_word' id='word_1_200' title='bbox 774 2810 860 2892; x_wconf 90' lang='lat' dir='ltr'><strong>regis</strong></span> <span class='ocrx_word' id='word_1_201' title='bbox 878 2808 1034 2873; x_wconf 88' lang='lat' dir='ltr'><strong>Edwardi</strong></span> <span class='ocrx_word' id='word_1_202' title='bbox 1051 2815 1120 2872; x_wconf 86' lang='lat' dir='ltr'><strong>.1x⁰.</strong></span> <span class='ocrx_word' id='word_1_203' title='bbox 1167 2809 1288 2874; x_wconf 90' lang='lat' dir='ltr'><strong>Postea</strong></span> 
     </span>
     <span class='ocr_line' id='line_1_25' title="bbox 180 2911 1345 2996; baseline 0.001 -20"><span class='ocrx_word' id='word_1_204' title='bbox 180 2912 273 2976; x_wconf 89' lang='lat' dir='ltr'><strong>uenit</strong></span> <span class='ocrx_word' id='word_1_205' title='bbox 287 2912 396 2976; x_wconf 88' lang='lat' dir='ltr'><strong>dictus</strong></span> <span class='ocrx_word' id='word_1_206' title='bbox 412 2912 568 2976; x_wconf 91' lang='lat' dir='ltr'><strong>dominus</strong></span> <span class='ocrx_word' id='word_1_207' title='bbox 584 2911 733 2976; x_wconf 86' lang='lat' dir='ltr'><strong>Thomas</strong></span> <span class='ocrx_word' id='word_1_208' title='bbox 749 2913 782 2975; x_wconf 91' lang='lat' dir='ltr'><strong>in</strong></span> <span class='ocrx_word' id='word_1_209' title='bbox 800 2912 906 2977; x_wconf 87' lang='lat' dir='ltr'><strong>iorma</strong></span> <span class='ocrx_word' id='word_1_210' title='bbox 918 2913 1008 2996; x_wconf 87' lang='lat' dir='ltr'><strong>pacis</strong></span> <span class='ocrx_word' id='word_1_211' title='bbox 1025 2932 1100 2975; x_wconf 92' lang='lat' dir='ltr'><strong>cum</strong></span> <span class='ocrx_word' id='word_1_212' title='bbox 1118 2912 1237 2989; x_wconf 90' lang='lat' dir='ltr'><strong>Priore,</strong></span> <span class='ocrx_word' id='word_1_213' title='bbox 1253 2924 1286 2977; x_wconf 90' lang='lat' dir='ltr'><strong>et</strong></span> <span class='ocrx_word' id='word_1_214' title='bbox 1335 2926 1345 2932; x_wconf 82' lang='grc'><strong>”</strong></span> 
     </span>
     <span class='ocr_line' id='line_1_26' title="bbox 180 2999 1322 3098; baseline 0.001 -18"><span class='ocrx_word' id='word_1_215' title='bbox 180 3016 274 3080; x_wconf 90' lang='lat' dir='ltr'><strong>dedit</strong></span> <span class='ocrx_word' id='word_1_216' title='bbox 288 3017 317 3079; x_wconf 93' lang='lat' dir='ltr'><strong>ei</strong></span> <span class='ocrx_word' id='word_1_217' title='bbox 335 3016 389 3079; x_wconf 91' lang='lat' dir='ltr'><strong>.lx.</strong></span> <span class='ocrx_word' id='word_1_218' title='bbox 406 3036 533 3079; x_wconf 86' lang='lat' dir='ltr'><strong>marcas</strong></span> <span class='ocrx_word' id='word_1_219' title='bbox 549 3016 805 3098; x_wconf 88' lang='lat' dir='ltr'><strong>sterlingorum;</strong></span> <span class='ocrx_word' id='word_1_220' title='bbox 828 3026 862 3079; x_wconf 92' lang='lat' dir='ltr'><strong>et</strong></span> <span class='ocrx_word' id='word_1_221' title='bbox 880 3018 972 3080; x_wconf 88' lang='lat' dir='ltr'><strong>Prior</strong></span> <span class='ocrx_word' id='word_1_222' title='bbox 992 3016 1140 3080; x_wconf 84' lang='lat' dir='ltr'><strong>ieoiiauit</strong></span> <span class='ocrx_word' id='word_1_223' title='bbox 1156 3038 1231 3080; x_wconf 90' lang='lat' dir='ltr'><strong>eum</strong></span> <span class='ocrx_word' id='word_1_224' title='bbox 1253 3027 1287 3081; x_wconf 90' lang='lat' dir='ltr'><strong>et</strong></span> <span class='ocrx_word' id='word_1_225' title='bbox 1316 2999 1322 3019; x_wconf 32' lang='lat' dir='ltr'>x</span> 
     </span>
     <span class='ocr_line' id='line_1_27' title="bbox 180 3119 1288 3203; baseline 0.002 -20"><span class='ocrx_word' id='word_1_226' title='bbox 180 3119 318 3184; x_wconf 92' lang='lat' dir='ltr'><strong>heredes</strong></span> <span class='ocrx_word' id='word_1_227' title='bbox 340 3140 418 3184; x_wconf 90' lang='lat' dir='ltr'><strong>suos</strong></span> <span class='ocrx_word' id='word_1_228' title='bbox 441 3119 474 3183; x_wconf 89' lang='lat' dir='ltr'><strong>in</strong></span> <span class='ocrx_word' id='word_1_229' title='bbox 498 3128 695 3201; x_wconf 88' lang='lat' dir='ltr'><strong>perpetuum</strong></span> <span class='ocrx_word' id='word_1_230' title='bbox 718 3120 761 3183; x_wconf 90' lang='lat' dir='ltr'><strong>de</strong></span> <span class='ocrx_word' id='word_1_231' title='bbox 784 3119 934 3202; x_wconf 90' lang='lat' dir='ltr'><strong>predicto</strong></span> <span class='ocrx_word' id='word_1_232' title='bbox 958 3120 1088 3184; x_wconf 88' lang='lat' dir='ltr'><strong>redditu</strong></span> <span class='ocrx_word' id='word_1_233' title='bbox 1110 3120 1288 3203; x_wconf 85' lang='lat' dir='ltr'><strong>sexaginta</strong></span> 
     </span>
     <span class='ocr_line' id='line_1_28' title="bbox 179 3224 1287 3302; baseline 0.004 -15"><span class='ocrx_word' id='word_1_234' title='bbox 179 3224 370 3302; x_wconf 90' lang='lat' dir='ltr'><strong>solidorum,</strong></span> <span class='ocrx_word' id='word_1_235' title='bbox 395 3224 566 3287; x_wconf 88' lang='lat' dir='ltr'><strong>reddendo</strong></span> <span class='ocrx_word' id='word_1_236' title='bbox 592 3224 654 3287; x_wconf 92' lang='lat' dir='ltr'><strong>sibi</strong></span> <span class='ocrx_word' id='word_1_237' title='bbox 681 3233 715 3288; x_wconf 89' lang='lat' dir='ltr'><strong>et</strong></span> <span class='ocrx_word' id='word_1_238' title='bbox 737 3226 980 3289; x_wconf 89' lang='lat' dir='ltr'><strong>successoribus</strong></span> <span class='ocrx_word' id='word_1_239' title='bbox 1003 3226 1070 3289; x_wconf 87' lang='lat' dir='ltr'><strong>suis</strong></span> <span class='ocrx_word' id='word_1_240' title='bbox 1093 3236 1128 3290; x_wconf 92' lang='lat' dir='ltr'><strong>et</strong></span> <span class='ocrx_word' id='word_1_241' title='bbox 1149 3226 1287 3291; x_wconf 86' lang='lat' dir='ltr'><strong>ecclesie</strong></span> 
     </span>
     <span class='ocr_line' id='line_1_29' title="bbox 180 3327 1286 3411; baseline 0.004 -20"><span class='ocrx_word' id='word_1_242' title='bbox 180 3350 238 3392; x_wconf 92' lang='lat' dir='ltr'><strong>sue</strong></span> <span class='ocrx_word' id='word_1_243' title='bbox 269 3329 310 3392; x_wconf 88' lang='lat' dir='ltr'><strong>de</strong></span> <span class='ocrx_word' id='word_1_244' title='bbox 342 3327 544 3392; x_wconf 89' lang='lat' dir='ltr'><strong>Bernewelle</strong></span> <span class='ocrx_word' id='word_1_245' title='bbox 573 3327 619 3408; x_wconf 88' lang='lat' dir='ltr'><strong>.j.</strong></span> <span class='ocrx_word' id='word_1_246' title='bbox 651 3327 769 3391; x_wconf 90' lang='lat' dir='ltr'><strong>libram</strong></span> <span class='ocrx_word' id='word_1_247' title='bbox 801 3328 913 3391; x_wconf 91' lang='lat' dir='ltr'><strong>cimini</strong></span> <span class='ocrx_word' id='word_1_248' title='bbox 944 3327 1082 3411; x_wconf 88' lang='lat' dir='ltr'><strong>singulis</strong></span> <span class='ocrx_word' id='word_1_249' title='bbox 1112 3330 1208 3393; x_wconf 88' lang='lat' dir='ltr'><strong>annis</strong></span> <span class='ocrx_word' id='word_1_250' title='bbox 1242 3333 1286 3395; x_wconf 90' lang='lat' dir='ltr'><strong>ad</strong></span> 
     </span>
    </p>
   </div>
   <div class='ocr_carea' id='block_1_6' title="bbox 182 3432 823 3516">
    <p class='ocr_par' dir='ltr' id='par_1_6' title="bbox 182 3432 823 3516">
     <span class='ocr_line' id='line_1_30' title="bbox 182 3432 823 3516; baseline 0.003 -20"><span class='ocrx_word' id='word_1_251' title='bbox 182 3434 309 3496; x_wconf 86' lang='lat' dir='ltr'><strong>Pascha</strong></span> <span class='ocrx_word' id='word_1_252' title='bbox 331 3453 392 3516; x_wconf 92' lang='lat' dir='ltr'><strong>pro</strong></span> <span class='ocrx_word' id='word_1_253' title='bbox 414 3432 569 3495; x_wconf 91' lang='lat' dir='ltr'><strong>omnibus</strong></span> <span class='ocrx_word' id='word_1_254' title='bbox 592 3434 739 3514; x_wconf 90' lang='lat' dir='ltr'><strong>seruicijs</strong></span> <span class='ocrx_word' id='word_1_255' title='bbox 762 3443 823 3498; x_wconf 88' lang='lat' dir='ltr'><strong>etc.</strong></span> 
     </span>
    </p>
   </div>
   <div class='ocr_carea' id='block_1_7' title="bbox 181 3703 1286 4103">
    <p class='ocr_par' dir='ltr' id='par_1_7' title="bbox 181 3703 1286 4103">
     <span class='ocr_line' id='line_1_31' title="bbox 229 3703 1284 3779; baseline 0.009 -25"><span class='ocrx_word' id='word_1_256' title='bbox 229 3703 239 3734; x_wconf 88' lang='lat'>¹</span> <span class='ocrx_word' id='word_1_257' title='bbox 254 3704 323 3770; x_wconf 88' lang='lat' dir='ltr'><strong>John</strong></span> <span class='ocrx_word' id='word_1_258' title='bbox 339 3704 371 3755; x_wconf 87' lang='lat' dir='ltr'><strong>de</strong></span> <span class='ocrx_word' id='word_1_259' title='bbox 386 3705 504 3765; x_wconf 85' lang='lat' dir='ltr'><strong>Lovetot,</strong></span> <span class='ocrx_word' id='word_1_260' title='bbox 521 3722 537 3755; x_wconf 84' lang='lat' dir='ltr'><strong>a</strong></span> <span class='ocrx_word' id='word_1_261' title='bbox 550 3706 642 3771; x_wconf 85' lang='lat' dir='ltr'><strong>justice</strong></span> <span class='ocrx_word' id='word_1_262' title='bbox 659 3707 689 3757; x_wconf 85' lang='lat' dir='ltr'><strong>of</strong></span> <span class='ocrx_word' id='word_1_263' title='bbox 701 3708 744 3757; x_wconf 86' lang='lat' dir='ltr'><strong>the</strong></span> <span class='ocrx_word' id='word_1_264' title='bbox 759 3716 830 3757; x_wconf 84' lang='lat' dir='ltr'><strong>court</strong></span> <span class='ocrx_word' id='word_1_265' title='bbox 845 3708 875 3758; x_wconf 87' lang='lat' dir='ltr'><strong>oi</strong></span> <span class='ocrx_word' id='word_1_266' title='bbox 888 3708 1013 3760; x_wconf 87' lang='lat' dir='ltr'><strong>Common</strong></span> <span class='ocrx_word' id='word_1_267' title='bbox 1030 3710 1101 3761; x_wconf 81' lang='lat' dir='ltr'><strong>Pleas</strong></span> <span class='ocrx_word' id='word_1_268' title='bbox 1115 3714 1284 3779; x_wconf 68' lang='lat' dir='ltr'><strong>mys—1289,</strong></span> 
     </span>
     <span class='ocr_line' id='line_1_32' title="bbox 181 3785 1286 3853; baseline 0.008 -19"><span class='ocrx_word' id='word_1_269' title='bbox 181 3787 254 3836; x_wconf 79' lang='lat' dir='ltr'><strong>when</strong></span> <span class='ocrx_word' id='word_1_270' title='bbox 269 3785 301 3836; x_wconf 92' lang='lat' dir='ltr'><strong>he</strong></span> <span class='ocrx_word' id='word_1_271' title='bbox 316 3802 368 3835; x_wconf 81' lang='lat' dir='ltr'><strong>was</strong></span> <span class='ocrx_word' id='word_1_272' title='bbox 384 3786 504 3835; x_wconf 87' lang='lat' dir='ltr'><strong>removed</strong></span> <span class='ocrx_word' id='word_1_273' title='bbox 519 3802 552 3836; x_wconf 88' lang='lat' dir='ltr'><strong>on</strong></span> <span class='ocrx_word' id='word_1_274' title='bbox 568 3802 584 3835; x_wconf 87' lang='lat' dir='ltr'><strong>a</strong></span> <span class='ocrx_word' id='word_1_275' title='bbox 598 3787 690 3853; x_wconf 80' lang='lat' dir='ltr'><strong>charge</strong></span> <span class='ocrx_word' id='word_1_276' title='bbox 706 3788 735 3837; x_wconf 84' lang='lat' dir='ltr'><strong>oi</strong></span> <span class='ocrx_word' id='word_1_277' title='bbox 748 3788 874 3838; x_wconf 83' lang='lat' dir='ltr'><strong>extortion</strong></span> <span class='ocrx_word' id='word_1_278' title='bbox 889 3791 939 3840; x_wconf 81' lang='lat' dir='ltr'><strong>and</strong></span> <span class='ocrx_word' id='word_1_279' title='bbox 955 3791 1027 3840; x_wconf 89' lang='lat' dir='ltr'><strong>other</strong></span> <span class='ocrx_word' id='word_1_280' title='bbox 1041 3792 1139 3842; x_wconf 74' lang='lat' dir='ltr'><strong>crimes.</strong></span> <span class='ocrx_word' id='word_1_281' title='bbox 1174 3794 1216 3843; x_wconf 88' lang='lat' dir='ltr'><strong>He</strong></span> <span class='ocrx_word' id='word_1_282' title='bbox 1227 3793 1286 3843; x_wconf 90' lang='lat' dir='ltr'><strong>died</strong></span> 
     </span>
     <span class='ocr_line' id='line_1_33' title="bbox 184 3884 254 3919; baseline -0.029 0"><span class='ocrx_word' id='word_1_283' title='bbox 184 3884 211 3919; x_wconf 77' lang='lat' dir='ltr'><strong>rr</strong></span> <span class='ocrx_word' id='word_1_284' title='bbox 247 3904 254 3917; x_wconf 86' lang='lat'><strong>.</strong></span> 
     </span>
     <span class='ocr_line' id='line_1_34' title="bbox 213 3884 1285 4025; baseline 0.007 -25"><span class='ocrx_word' id='word_1_285' title='bbox 213 3884 245 3981; x_wconf 57' lang='lat'><strong>9:</strong></span> <span class='ocrx_word' id='word_1_286' title='bbox 257 3952 342 4015; x_wconf 87' lang='lat' dir='ltr'><strong>Roger</strong></span> <span class='ocrx_word' id='word_1_287' title='bbox 352 3950 386 4001; x_wconf 90' lang='lat' dir='ltr'><strong>de</strong></span> <span class='ocrx_word' id='word_1_288' title='bbox 397 3951 531 4011; x_wconf 74' lang='lat' dir='ltr'><strong>leicester,</strong></span> <span class='ocrx_word' id='word_1_289' title='bbox 545 3968 561 4001; x_wconf 86' lang='lat' dir='ltr'><strong>a</strong></span> <span class='ocrx_word' id='word_1_290' title='bbox 569 3951 660 4016; x_wconf 79' lang='lat' dir='ltr'><strong>justice</strong></span> <span class='ocrx_word' id='word_1_291' title='bbox 671 3953 700 4003; x_wconf 84' lang='lat' dir='ltr'><strong>oi</strong></span> <span class='ocrx_word' id='word_1_292' title='bbox 714 3954 757 4003; x_wconf 90' lang='lat' dir='ltr'><strong>the</strong></span> <span class='ocrx_word' id='word_1_293' title='bbox 767 3962 839 4003; x_wconf 86' lang='lat' dir='ltr'><strong>court</strong></span> <span class='ocrx_word' id='word_1_294' title='bbox 851 3954 881 4003; x_wconf 84' lang='lat' dir='ltr'><strong>oi</strong></span> <span class='ocrx_word' id='word_1_295' title='bbox 895 3956 1019 4005; x_wconf 89' lang='lat' dir='ltr'><strong>Common</strong></span> <span class='ocrx_word' id='word_1_296' title='bbox 1031 3956 1104 4006; x_wconf 80' lang='lat' dir='ltr'><strong>Pleas</strong></span> <span class='ocrx_word' id='word_1_297' title='bbox 1118 3957 1285 4025; x_wconf 75' lang='lat' dir='ltr'><strong>1276-nt9‚</strong></span> 
     </span>
     <span class='ocr_line' id='line_1_35' title="bbox 181 4035 1237 4103; baseline 0.004 -20"><span class='ocrx_word' id='word_1_298' title='bbox 181 4035 254 4085; x_wconf 86' lang='lat' dir='ltr'><strong>when</strong></span> <span class='ocrx_word' id='word_1_299' title='bbox 265 4035 298 4085; x_wconf 89' lang='lat' dir='ltr'><strong>he</strong></span> <span class='ocrx_word' id='word_1_300' title='bbox 309 4050 361 4085; x_wconf 78' lang='lat' dir='ltr'><strong>was</strong></span> <span class='ocrx_word' id='word_1_301' title='bbox 373 4035 492 4086; x_wconf 84' lang='lat' dir='ltr'><strong>removed</strong></span> <span class='ocrx_word' id='word_1_302' title='bbox 504 4052 538 4085; x_wconf 89' lang='lat' dir='ltr'><strong>on</strong></span> <span class='ocrx_word' id='word_1_303' title='bbox 550 4037 654 4101; x_wconf 81' lang='lat' dir='ltr'><strong>charges</strong></span> <span class='ocrx_word' id='word_1_304' title='bbox 665 4037 760 4086; x_wconf 83' lang='lat' dir='ltr'><strong>similar</strong></span> <span class='ocrx_word' id='word_1_305' title='bbox 770 4045 797 4087; x_wconf 91' lang='lat' dir='ltr'><strong>to</strong></span> <span class='ocrx_word' id='word_1_306' title='bbox 808 4037 880 4087; x_wconf 86' lang='lat' dir='ltr'><strong>those</strong></span> <span class='ocrx_word' id='word_1_307' title='bbox 891 4039 988 4103; x_wconf 81' lang='lat' dir='ltr'><strong>against</strong></span> <span class='ocrx_word' id='word_1_308' title='bbox 998 4039 1066 4103; x_wconf 89' lang='lat' dir='ltr'><strong>John</strong></span> <span class='ocrx_word' id='word_1_309' title='bbox 1078 4039 1109 4089; x_wconf 88' lang='lat' dir='ltr'><strong>de</strong></span> <span class='ocrx_word' id='word_1_310' title='bbox 1122 4039 1237 4089; x_wconf 88' lang='lat' dir='ltr'><strong>Lovetot.</strong></span> 
     </span>
    </p>
   </div>
   <div class='ocr_carea' id='block_1_8' title="bbox 0 0 1603 5067">
    <p class='ocr_par' dir='ltr' id='par_1_8' title="bbox 0 0 1603 5067">
     <span class='ocr_line' id='line_1_36' title="bbox 0 0 1603 5067; baseline 0 0"><span class='ocrx_word' id='word_1_311' title='bbox 0 0 1603 5067; x_wconf 95' lang='lat' dir='ltr'><strong> </strong></span> 
     </span>
    </p>
   </div>
  </div>
 </body>
</html>
