3192 5067
352 396 418 448 102
577 374 618 447 A
646 376 758 449 claim
771 376 849 473 for
872 375 999 473 damry
1024 376 1129 450 made
1155 376 1200 474 by
1332 372 1452 473 [aoorc

183 569 329 661 gne-3331
414 558 462 623 Et
489 560 581 623 Prior
607 560 700 623 uenit
726 569 760 623 et
787 558 868 623 dicit
895 560 986 642 quod
1014 579 1080 623 non
1108 558 1208 623 debet
1236 560 1314 623 inde
1339 560 1452 623 dotem

309 648 315 662 ⁸
348 662 479 739 habere,
501 662 581 746 quia
606 664 688 727 dicit
711 664 802 746 quod
826 664 993 746 predictus
1018 662 1187 728 Galsridus
1210 664 1381 747 quondam
1405 662 1455 725 uir

349 769 453 851 ipsius
477 768 615 833 Mabilie
639 789 704 832 non
729 770 837 833 tenuit
860 768 951 832 illam
977 778 1098 832 terram
1123 770 1185 833 nisi
1209 769 1251 831 ad
1275 768 1452 831 terminum

349 874 419 937 uite
438 893 506 950 sue,
521 883 556 938 ct
577 894 644 936 non
666 874 699 936 in
721 873 820 938 seodo
841 873 888 937 ita
908 883 945 937 ut
965 893 1040 937 eam
1057 872 1135 937 inde
1150 874 1268 937 dotare
1284 882 1405 956 posset,
1420 883 1456 935 et

350 975 475 1060 profert
497 978 668 1061 quoddam
691 977 938 1061 cyrographum
962 978 1124 1042 intereos
1146 976 1345 1052 consectum,
1364 976 1453 1060 quod

349 1088 492 1143 testatur
513 1079 604 1163 quod
628 1080 717 1144 idem
739 1079 909 1145 Galsridus
930 1080 1054 1163 recepit
1075 1101 1095 1142 a
1115 1080 1264 1163 predicto
1289 1080 1399 1143 Priore
1421 1087 1455 1142 et

350 1183 527 1249 Conuentu
555 1186 597 1249 de
626 1184 826 1249 Bemewelle
858 1186 1041 1268 predictam
1072 1193 1193 1248 terram
1225 1184 1404 1249 tenendam
1435 1204 1455 1247 a

351 1288 462 1352 Priore
488 1290 639 1373 predicto
665 1302 698 1355 et
726 1289 903 1355 Conuentu
932 1291 973 1353 ad
1006 1289 1184 1352 terminum
1216 1290 1284 1353 uite
1314 1310 1382 1366 sue,
1409 1288 1455 1351 ita

350 1393 440 1475 quod
462 1401 538 1475 post
559 1402 701 1457 mortem
722 1394 825 1477 ipsius
847 1392 988 1457 Galsridi
1010 1402 1082 1456 tota
1103 1404 1190 1456 terra
1210 1391 1359 1475 predicta
1379 1409 1455 1453 cum

351 1496 563 1579 pertinencijs
590 1496 691 1561 debet
718 1500 836 1562 reuerti
861 1495 904 1560 ad
932 1497 1099 1579 predictos
1127 1496 1274 1560 Priorem
1304 1504 1339 1560 et
1369 1494 1456 1559 Con-

352 1610 489 1665 uentum
512 1603 625 1685 quieta
652 1602 686 1665 in
711 1614 929 1685 perpetuum;
960 1610 994 1666 et
1020 1600 1149 1666 dehoc
1173 1602 1269 1685 ponit
1295 1621 1331 1664 se
1358 1620 1457 1683 super

351 1706 503 1786 patriam.

274 1813 292 1863 s·
308 1826 337 1877 ³⁷
417 1808 464 1872 Et
485 1808 634 1892 predicta
657 1809 797 1873 Mabiiia
817 1810 899 1874 dicit
919 1810 1009 1893 quod
1031 1818 1123 1872 carta
1144 1810 1201 1873 illa
1222 1830 1288 1873 non
1310 1808 1411 1873 debet
1426 1810 1456 1872 ei

189 1900 332 1997 ffiffims
351 1932 478 1990 nocere,
491 1916 569 1997 quia
585 1915 767 1998 dicitquod
785 1915 954 1997 predictus
966 1913 1136 1978 Galsridus
1149 1914 1257 1977 tenuit
1273 1914 1456 1997 predictam

191 2005 294 2047 Hm·
351 2026 473 2080 terram
497 2019 530 2082 in
555 2017 662 2082 feodo.
709 2018 801 2081 Dicit
824 2018 913 2080 enim
936 2017 1027 2100 quod
1048 2019 1198 2100 predicta
1219 2027 1306 2081 terra
1325 2017 1387 2081 suit
1408 2019 1457 2081 ius

352 2129 386 2184 et
410 2120 576 2185 hereditas
602 2122 775 2185 cuiusdam
803 2122 992 2203 Margarete
1016 2122 1131 2185 matris
1155 2121 1293 2206 predicti
1318 2120 1458 2186 Galsridi

351 2225 523 2307 quondam
541 2225 601 2288 uiri
622 2226 681 2302 sui,
697 2234 730 2289 et
752 2225 829 2288 iude
850 2224 934 2307 obijt
949 2226 1075 2308 seysita
1091 2239 1126 2289 ut
1141 2227 1184 2291 de
1205 2226 1313 2303 feodo,
1329 2236 1362 2290 et
1382 2236 1458 2309 post

352 2338 494 2392 mortem
512 2328 614 2412 ipsius
636 2330 828 2411 Margarete
847 2330 1021 2393 descendit
1038 2329 1087 2392 ius
1103 2340 1189 2393 terre
1205 2330 1293 2393 illius
1309 2330 1459 2413 predicto

354 2431 506 2499 Galsrido
529 2432 699 2516 quondam
723 2434 795 2496 uiro
820 2434 923 2516 ipsius
948 2433 1087 2497 Mabilie
1108 2434 1165 2516 qui
1188 2432 1339 2517 terra[m]
1366 2431 1457 2497 illam

353 2539 460 2602 tenuit
477 2538 510 2601 in
526 2538 625 2602 feodo
640 2540 695 2602 die
710 2559 777 2621 quo
793 2558 868 2603 eam
885 2538 1110 2623 desponsauit,
1122 2541 1169 2603 ita
1183 2539 1274 2622 quod
1289 2560 1364 2603 eam
1381 2539 1458 2603 inde

354 2644 471 2707 dotare
491 2652 623 2726 posset;
646 2652 680 2707 et
700 2644 743 2705 de
763 2643 827 2706 hoc
848 2644 944 2725 ponit
959 2664 995 2705 se
1011 2662 1110 2726 super
1125 2644 1276 2725 patriam.
1323 2642 1368 2706 Et
1383 2643 1459 2705 ideo

355 2756 548 2830 preceptum
564 2757 615 2811 est
630 2746 698 2813 tale
712 2747 830 2812 breue:

617 2990 644 3056 5.
688 2976 792 3039 Breue
816 2976 903 3059 regis
925 2977 964 3040 de
988 2975 1203 3059 inquisicione.

193 3155 304 3200 omns
410 3124 575 3199 H[enricus]
595 3126 640 3182 dei
660 3127 756 3196 gracia
778 3136 830 3181 etc.
850 3126 1007 3182 vicecomiti
1029 3126 1208 3197 Cantebrigie
1230 3128 1356 3182 salutem.
1396 3129 1460 3183 Pre-

191 3206 343 3300 ffiffssffi
357 3216 477 3286 cipimus
495 3215 546 3271 tibi
565 3215 642 3286 quod
660 3232 756 3270 coram
778 3226 807 3270 te
824 3226 853 3271 et
871 3232 967 3269 coram
986 3217 1149 3271 custodibus
1168 3214 1334 3287 placitorum
1357 3232 1460 3271 corone

193 3313 342 3349 toaummon
356 3314 452 3359 nostre
473 3305 503 3359 in
525 3306 608 3376 pleno
626 3304 762 3359 comitatu
786 3306 881 3360 uenire
902 3305 990 3359 iacias
1009 3304 1063 3360 ,xii
1083 3318 1140 3361 tam
1162 3306 1267 3360 milites
1285 3322 1372 3376 quam
1390 3304 1460 3359 alios

193 3356 333 3460 iamiam
357 3392 459 3447 liberos
477 3393 607 3448 homines
625 3402 653 3448 et
672 3392 776 3461 legales
795 3393 832 3447 de
850 3392 975 3447 uisneto¹
994 3394 1030 3447 de
1052 3392 1243 3461 Maddingele
1263 3408 1312 3463 per
1331 3408 1403 3463 quos
1421 3392 1460 3447 rei

193 3457 297 3551 ffifh‘
356 3483 461 3537 ueritas
482 3482 582 3537 melius
604 3480 669 3535 sciri
691 3481 802 3550 poterit,
823 3491 851 3535 ct
872 3479 921 3551 qui
946 3498 998 3535 nec
1020 3481 1140 3550 priorem
1163 3480 1199 3533 de
1222 3478 1393 3535 Bemewelle
1416 3479 1461 3533 uel

359 3572 508 3627 Mabiliam
521 3588 576 3641 quc
588 3569 639 3625 iuit
651 3588 720 3625 vxor
732 3569 852 3625 Gaiiridi
866 3570 901 3625 de
915 3570 1019 3623 Howes
1032 3568 1126 3639 aliqua
1138 3566 1275 3622 affinitate
1287 3566 1460 3636 contingant,

357 3670 385 3715 et
406 3676 572 3731 percorum
591 3670 798 3714 sacramentum
818 3658 967 3727 diligenter
985 3657 1109 3729 inquiras
1129 3657 1151 3711 si
1171 3673 1257 3711 unum
1276 3656 1462 3725 mesuagium,

357 3747 457 3818 uiginti
477 3765 541 3802 acre
560 3759 641 3814 terre,
659 3757 687 3802 et
705 3747 760 3801 due
778 3763 844 3801 acre
862 3745 934 3815 prati
954 3755 982 3799 et
1004 3744 1129 3813 dimidia,
1148 3761 1213 3798 cum
1235 3744 1414 3815 pertinenciis
1433 3742 1461 3797 in

360 3835 543 3906 Maddingele
555 3834 657 3889 fuerint
667 3835 713 3904 jus
726 3845 754 3889 et
766 3834 908 3889 hereditas
927 3834 1087 3902 Margarete
1100 3832 1197 3886 matris
1210 3830 1328 3902 predicti
1342 3830 1461 3887 Galiridi

357 3923 395 3977 de
413 3924 517 3976 Howes
533 3932 562 3976 et
580 3922 645 3977 inde
662 3923 730 3992 obijt
749 3922 854 3991 seysita
871 3930 901 3974 ut
918 3920 955 3975 de
971 3919 1072 3985 ieodo;
1091 3932 1117 3975 et
1135 3920 1157 3973 si
1172 3919 1299 3989 predicta
1312 3930 1385 3975 terra
1398 3929 1461 3989 post

358 4020 478 4065 mortem
496 4010 584 4081 ipsius
604 4012 766 4080 Margarete
784 4008 961 4065 descenderit
978 4008 1104 4079 predicto
1123 4006 1251 4062 Galirido
1268 4009 1327 4062 iure
1343 4019 1371 4064 et
1384 4009 1461 4062 here·

358 4099 455 4166 ditate,
469 4098 508 4153 ita
520 4098 598 4169 quod
610 4100 698 4153 tenuit
715 4108 818 4154 terram
836 4096 913 4151 illam
928 4097 957 4150 in
971 4096 1054 4151 feodo
1066 4096 1112 4151 die
1125 4112 1181 4165 quo
1194 4112 1257 4150 eam
1269 4096 1461 4167 desponsauit,

359 4189 430 4243 sicut
454 4186 581 4258 prodicta
605 4187 726 4241 Mabiiia
749 4186 826 4253 dicit,
846 4184 892 4241 uel
916 4184 939 4238 si
964 4184 1056 4239 dictus
1083 4184 1234 4252 Galiridus,
1257 4184 1400 4255 quondam
1421 4184 1463 4238 uir

358 4275 446 4347 ipsius
470 4274 596 4342 Mabilie,
614 4291 672 4329 nou
694 4275 783 4329 tenuit
802 4274 880 4329 illam
899 4283 1003 4328 terram
1022 4272 1076 4326 nisi
1095 4271 1131 4326 ad
1153 4271 1306 4328 terminum
1327 4272 1384 4328 uite
1404 4288 1462 4339 sue,

814 4425 823 4457 ¹
841 4427 946 4485 insueto,
964 4426 1021 4477 MS.
