3192 5067
153 333 217 435 111]
419 335 510 410 Casa
532 335 581 432 os
598 334 707 407 Alan
734 331 778 406 a'e
804 330 982 405 Frestone
1192 330 1257 421 185

153 519 255 602 pleno
277 520 485 596 consistorio,
499 519 579 585 fecit
601 518 770 603 quandam
795 518 1072 603 prouoeacionem
1093 525 1127 580 et
1148 513 1261 598 appel-

153 623 315 688 lacionem
340 646 402 708 pro
424 633 513 689 statu
537 646 598 689 suo
620 634 654 689 et
677 644 812 688 suorum
834 632 905 698 etc,
920 631 954 687 et
974 622 1056 705 legit
1077 622 1109 684 in
1132 618 1262 703 scriptis

153 738 214 792 etc.
261 728 307 792 Et
335 728 531 793 festinanter
560 729 753 812 impetrauit
784 728 878 793 Prior
905 728 949 792 ab
975 726 1107 791 officiali
1134 722 1262 788 domini

154 833 301 916 episcopi
327 833 485 915 Elyensis
505 834 676 915 quandam
698 832 935 897 inhibicionem
957 841 1028 909 etc,
1049 831 1107 914 qui
1128 827 1263 912 prefixit

154 937 305 1019 partibus
326 938 416 1001 diem
439 958 552 1002 coram
580 958 621 1002 eo
648 938 680 1000 in
705 936 846 1001 ecclesia
872 936 1035 1002 Omnium
1062 934 1262 1000 Sanctorum

155 1041 253 1104 iuxta
268 1041 434 1124 hospitale
449 1041 665 1123 Cantebrigie
677 1052 737 1106 etc.
769 1041 922 1107 Partibus
938 1050 1050 1105 autem
1063 1040 1118 1105 die
1134 1036 1264 1122 prefixo

155 1145 426 1227 comparentibus
455 1154 532 1227 post
568 1145 691 1209 multas
724 1146 961 1209 altercaciones
995 1144 1084 1209 idern
1115 1141 1264 1208 officialis

156 1249 302 1315 absoluit
326 1250 471 1315 Priorem
497 1259 531 1314 et
553 1249 751 1314 canonicum
774 1270 871 1314 suum
899 1251 942 1314 ad
965 1248 1131 1313 cautelam
1159 1268 1265 1331 usque

156 1355 199 1417 ad
235 1353 419 1420 aduentum
461 1355 609 1438 episcopi
645 1363 706 1419 etc.
773 1354 820 1419 Et
859 1354 948 1418 dixit
986 1353 1194 1419 Cancellario
1231 1360 1265 1416 et
1280 1361 1397 1455 {issgssffl‘

158 1457 351 1524 Scolaribus
375 1460 460 1523 inter
481 1469 613 1523 cetera:
638 1458 780 1523 Domine
802 1457 999 1525 Cancellarie
1020 1478 1144 1521 omnem
1157 1456 1265 1539 saris·
1279 1462 1408 1555 mered

156 1562 326 1627 dicceonem
341 1584 440 1647 quam
451 1562 575 1627 habetis
588 1583 629 1625 ex
635 1563 753 1646 gracia
768 1561 897 1626 domini
909 1562 975 1626 mei
987 1561 1122 1645 episcopi
1134 1558 1266 1635 habetis,

156 1668 216 1751 qui
229 1668 319 1732 uobis
337 1670 487 1733 concessit
497 1667 763 1752 jurisdictionem
782 1668 818 1731 in
833 1666 961 1731 ckn'cis.
1006 1664 1267 1729 Archidtaconus

156 1782 264 1835 autem
279 1772 373 1836 habet
382 1771 645 1856 Jicn’sdicteonem
663 1772 698 1835 in
714 1770 894 1847 rectoribus,
909 1770 1052 1853 utcan'js
1066 1778 1141 1846 etc.;
1164 1788 1266 1831 unum

157 1885 286 1941 tantum
300 1876 431 1941 sibimet
444 1877 626 1942 reserrcauit
637 1876 756 1940 scilicet
774 1877 864 1940 viros
884 1874 1054 1958 religiosos.
1100 1873 1177 1935 Non
1192 1892 1266 1955 crgo

156 1980 317 2060 auferatis
330 1981 460 2045 domino
475 2002 542 2045 neeo
556 1980 644 2064 quod
654 2002 751 2044 suum
765 1990 814 2043 est
826 1980 859 2043 si
865 1980 978 2061 placet.

278 2236 346 2300 119.
391 2218 557 2284 Placitum
579 2229 690 2284 contra
711 2219 920 2302 Magistrum
941 2219 1091 2284 Alanum
1113 2220 1152 2283 de

519 2322 671 2388 Frestone
692 2323 731 2387 de
743 2323 905 2406 pensione.

224 2478 387 2561 Magister
417 2477 550 2542 Alanus
584 2477 628 2542 de
664 2478 826 2541 Frestone
861 2477 943 2541 dum
979 2486 1050 2541 erat
1082 2475 1267 2541 aduocatus
1280 2484 1430 2578 <impete

159 2581 374 2664 Cantebrigie
395 2582 520 2664 recepit
541 2602 601 2665 per
620 2591 748 2645 cartam
769 2580 966 2646 Conuentus
987 2581 1127 2665 singulis
1144 2579 1266 2665 [annis]
1280 2584 1406 2687 {ggiffin

158 2686 231 2751 ‚xl.
258 2707 283 2750 s.
309 2687 353 2750 de
379 2705 512 2749 camera
539 2685 582 2749 de
609 2684 819 2763 Bemewelle,
844 2694 878 2749 et
905 2685 989 2749 bene
1016 2686 1179 2749 laborauit
1206 2706 1267 2769 pro
1280 2686 1325 2729 ¹⁸²·

159 2790 306 2854 ccclesia
351 2788 510 2854 Processu
526 2789 686 2872 temporis
702 2789 811 2853 iactus
825 2800 876 2853 est
893 2789 1160 2854 Archidiaconus
1182 2790 1266 2854 Nor-

159 2893 302 2969 folchie¹‚
325 2903 359 2957 et
382 2893 537 2957 decetero
563 2891 664 2956 nichil
687 2894 826 2957 seruiuit
849 2894 930 2977 ipsis
954 2894 1129 2959 canonicis.
1175 2892 1267 2977 Qua-

159 3008 295 3082 propter
316 3000 555 3064 subtraxerunt
576 2998 606 3061 ei
628 3000 834 3082 pensionem,
851 3008 885 3063 et
906 3000 977 3082 ipse
998 3000 1145 3082 portauit
1166 2999 1267 3065 breue

161 3104 273 3186 Regis,
287 3113 348 3169 etc.

543 3254 611 3303 120.
655 3238 761 3304 Breuc
782 3239 891 3322 Regis.

213 3387 394 3461 E[duardus]
412 3389 466 3445 Dei
483 3389 580 3460 gracia
592 3400 644 3445 etc.
662 3390 820 3447 vicecomiti
840 3391 1021 3462 Cantebrigie
1038 3393 1164 3447 salutem
1205 3393 1268 3446 Pre-
1283 3387 1300 3435 s·
1313 3386 1369 3490 {pb

159 3479 280 3550 cipimus
295 3478 347 3533 tibi
365 3478 442 3549 quod
456 3478 552 3532 venire
568 3478 657 3533 iacias
673 3496 770 3535 coram
784 3479 948 3549 justiciariis
965 3481 1069 3535 nostris
1086 3480 1163 3551 apud
1177 3482 1268 3535 West-
1282 3448 1389 3542 mor

160 3564 361 3622 monasterium
379 3582 397 3619 a
413 3563 459 3619 die
479 3565 588 3618 Pasche
603 3565 632 3619 in
649 3574 707 3619 tres
723 3567 898 3637 septimanas
911 3566 979 3620 .xii.
991 3576 1051 3620 tam
1068 3566 1171 3621 milites
1183 3584 1268 3638 quam
1275 3550 1387 3642 {affin

159 3656 231 3710 alios
252 3655 357 3710 liberos
378 3664 406 3709 et
428 3654 534 3725 legales
555 3654 685 3710 homines
707 3655 743 3709 de
761 3656 872 3710 visneto
893 3656 930 3710 de
949 3654 1131 3724 Cantebrigia
1149 3672 1268 3727 quorum
1282 3651 1384 3743 ⁸⁰13ng

160 3742 278 3815 quilibet
290 3742 394 3797 habeat
411 3752 526 3797 centum
539 3742 677 3797 solidatos
689 3752 763 3799 terre
779 3752 1005 3799 tenementorum
1018 3744 1064 3797 uel
1076 3744 1203 3798 redditus
1220 3761 1270 3815 per
1282 3711 1294 3753 ⁷
1359 3730 1365 3742 ’
1386 3711 1432 3753 ²⁹³⁵

160 3848 267 3886 annum
283 3829 320 3885 ad
339 3830 433 3884 minus
451 3846 502 3900 per
517 3846 590 3901 quos
606 3829 647 3885 rei
664 3830 769 3884 ueritas
785 3828 888 3885 melius
906 3830 969 3885 sciri
986 3828 1099 3901 poterit,
1111 3841 1139 3887 et
1152 3832 1199 3903 qui
1217 3848 1270 3887 nec

160 3918 326 3987 magistrum
346 3916 469 3971 Altinum
490 3916 528 3971 de
549 3916 686 3971 Frestone
707 3932 758 3971 nec
781 3914 905 3971 Priorem
927 3917 963 3971 de
986 3916 1157 3973 Bernewelle
1176 3918 1271 3990 aliqua

160 4005 298 4062 affinitate
322 4005 473 4074 attingunt,
497 4004 534 4060 ad
558 4004 819 4074 recognoscendum
844 4020 929 4075 super
953 4016 1161 4062 sacramentum
1188 4024 1269 4062 suum

161 4094 245 4149 simul
265 4110 329 4148 cum
352 4091 419 4147 ,xii.
439 4092 541 4161 juratis
562 4092 599 4148 de
617 4093 753 4147 comitatu
774 4090 921 4147 Londonie
940 4092 963 4147 si
981 4102 1047 4164 post
1064 4092 1270 4151 coniectionem

161 4183 308 4239 cuiusdam
329 4181 426 4253 scripti
444 4182 521 4253 quod
539 4180 657 4253 quidam
674 4180 795 4251 Jolanus
812 4180 996 4251 predecessor
1013 4180 1131 4251 predicti
1151 4182 1271 4239 Prioris²

210 4309 219 4343 ¹
237 4310 275 4360 Le
292 4310 365 4360 Neve
381 4310 442 4374 (Ed.
459 4312 529 4373 1854,
544 4309 602 4361 Vol.
618 4310 644 4360 ii.
657 4312 716 4372 ⁴⁸²)
731 4325 788 4374 says
803 4308 858 4360 thst
875 4310 907 4361 he
920 4326 971 4361 was
987 4310 1153 4363 Archdetcon
1165 4311 1190 4362 in
1210 4312 1270 4375 1276

160 4392 209 4444 and
230 4394 300 4443 rato.
661 4389 672 4423 ¹
689 4392 781 4443 Prioris
791 4400 825 4453 et,
840 4392 897 4443 MS.
