3192 5067
366 569 467 614 vnum
497 550 647 616 clausum
677 571 753 616 cum
783 561 870 616 terra
900 552 1082 628 adiacente,
1103 561 1137 616 et
1167 551 1276 616 reddit
1307 551 1393 615 inde
1423 570 1478 632 per

366 675 490 720 annum
514 655 566 738 .iij.
589 657 722 721 solidos.

432 760 594 826 Ricardus
610 761 697 826 filius
720 763 876 846 Hugonis
896 773 988 827 tenet
1009 763 1089 846 .xiij.
1105 783 1198 827 acras
1213 774 1298 828 terre
1315 783 1397 826 cum
1414 782 1477 826 vno

365 864 546 948 mesuagio,
568 876 603 930 et
632 866 741 931 reddit
764 867 843 931 inde
865 887 923 951 per
952 888 1076 931 annum
1108 868 1158 950 .vj.
1184 865 1318 942 solidos,
1342 867 1399 948 .vj.
1424 867 1477 928 de-

365 970 484 1046 narios,
505 979 539 1034 et
562 970 647 1034 duos
669 991 815 1055 capones
837 973 880 1036 ad
906 971 1034 1036 Natale.

428 1075 575 1157 Jacobus
601 1074 688 1139 lilius
714 1076 840 1140 Warini
866 1075 959 1141 Geue
988 1085 1081 1140 tenet
1105 1077 1184 1160 .xiij.
1208 1097 1300 1139 acras
1329 1085 1422 1139 terre
1447 1084 1477 1137 et

364 1199 467 1242 vnum
483 1179 642 1256 clausurn,
657 1189 691 1244 et
712 1179 821 1244 reddit
842 1181 920 1244 inde
940 1201 998 1264 per
1018 1201 1143 1246 annum
1160 1181 1233 1264 .viij.
1249 1179 1391 1256 solidoS,
1406 1179 1478 1260 .viij.

364 1283 527 1360 denari0S,
541 1293 577 1347 et
591 1285 676 1348 duos
691 1303 836 1367 capones
851 1284 894 1348 ad
912 1285 1040 1350 Natale.

433 1385 538 1471 Hugo
560 1387 721 1453 Wilemot
744 1397 835 1454 tenet
858 1388 921 1472 iiij.
944 1409 1037 1454 acras
1060 1399 1146 1454 terre
1167 1398 1201 1453 et
1230 1387 1423 1466 dimidiam,
1446 1397 1477 1451 et

365 1512 465 1557 vnam
489 1494 606 1557 rodam
628 1513 704 1558 cum
729 1495 910 1578 mesuagio,
927 1504 962 1558 et
984 1493 1093 1560 reddit
1116 1514 1174 1577 per
1196 1513 1322 1559 annum
1344 1493 1476 1575 xxviij.

364 1597 528 1676 denarios,
549 1596 695 1675 obolum,
718 1608 753 1662 et
774 1598 859 1662 duos
882 1617 1027 1682 capones
1049 1601 1092 1664 ad
1116 1598 1245 1664 Natale

248 1709 266 1759 s·
282 1707 353 1771 ¹7²1)
429 1702 601 1785 Johannes
616 1701 817 1786 Capelianus
834 1702 920 1768 filius
937 1704 1070 1768 Ricardi
1086 1706 1130 1768 de
1146 1700 1368 1787 Sneylewelle
1383 1711 1476 1766 tenet

365 1829 408 1872 .x.
423 1827 517 1870 acras
531 1817 626 1884 terre,
642 1815 676 1872 et
691 1806 801 1872 reddit
817 1807 895 1872 inde
910 1828 968 1891 per
983 1828 1108 1872 annum
1123 1829 1162 1872 .v.
1177 1805 1309 1870 solidos.

429 1910 600 1994 lohannes
615 1912 659 1974 de
679 1911 890 1994 Kingestone
910 1921 1003 1976 tenet
1017 1931 1121 1976 vnum
1137 1911 1297 1987 clausum,
1311 1919 1348 1974 et
1363 1909 1475 1973 reddit

365 2015 444 2079 inde
459 2036 517 2099 per
531 2035 657 2080 annum
673 2025 817 2099 quatuor
830 2015 963 2080 solidos.

433 2119 599 2183 Henricus
622 2119 848 2203 Groungeuile
874 2128 965 2184 tenet
992 2139 1094 2184 vnum
1121 2119 1280 2194 clausum,
1302 2127 1337 2182 et
1364 2119 1475 2182 reddit

365 2222 443 2287 inde
466 2243 524 2307 per
546 2244 670 2287 annum
694 2232 838 2307 quatuor
860 2223 992 2288 solidoe

431 2329 596 2394 Cristiana
610 2328 679 2392 filia
700 2329 824 2412 Rogeri
846 2327 959 2392 Erlich
982 2337 1074 2392 tenet
1089 2329 1205 2392 decem
1221 2348 1313 2391 acras
1329 2337 1426 2405 terre,
1440 2339 1474 2392 et

366 2435 475 2499 reddit
489 2435 567 2499 inde
582 2455 641 2517 per
654 2454 780 2498 annum
797 2434 857 2516 .vij.
874 2433 1007 2497 solidos.

432 2541 584 2623 Rogerus
609 2540 824 2623 Blauncpayn
847 2548 939 2604 tenet
963 2539 1042 2621 ¹xiij.
1064 2557 1156 2601 acras
1179 2548 1274 2615 terre,
1298 2547 1332 2601 et
1363 2539 1474 2603 reddit

366 2645 444 2710 inde
465 2665 525 2728 per
545 2665 671 2709 annum
694 2645 868 2708 dimidiam
892 2663 1047 2707 marcam.

432 2749 597 2813 Henricus
610 2747 810 2833 Capelianus
821 2755 914 2812 tenet
926 2745 1004 2829 ,xiij.
1017 2765 1110 2810 acras
1122 2755 1207 2810 terre
1217 2755 1252 2811 et
1267 2747 1378 2810 reddit
1395 2747 1474 2810 inde

366 2875 425 2937 per
438 2875 563 2918 annum
580 2853 630 2936 .vj.
646 2853 779 2929 solid0S,
794 2851 844 2934 .vj.
861 2851 1023 2928 denarios,
1038 2853 1267 2934 quadrantem.

433 2957 599 3021 Henricus
620 2955 800 3021 Blosseuile
823 2965 914 3019 tenet
936 2954 1052 3019 decem
1076 2974 1169 3018 acras
1191 2964 1286 3030 terre,
1306 2965 1340 3018 et
1364 2955 1473 3018 reddit

366 3063 444 3125 inde
465 3082 525 3145 per
546 3082 671 3125 annum
696 3083 733 3124 .v.
756 3060 891 3123 solidos.

432 3167 548 3230 Petrus
573 3164 671 3228 dele
695 3165 802 3227 scrine
828 3171 919 3228 tenet
944 3162 993 3245 .vj.
1021 3181 1113 3226 acras
1137 3172 1224 3226 terre
1247 3162 1291 3227 de
1317 3163 1420 3227 feodo
1443 3165 1474 3227 le

365 3269 395 3332 F
396 3287 542 3352 ranceys,
553 3278 587 3332 et
599 3269 707 3334 reddit
723 3267 801 3331 inde
816 3288 874 3351 per
889 3287 1013 3332 annum
1024 3267 1077 3350 iij.
1087 3265 1212 3332 solidos
1227 3278 1262 3332 et
1273 3268 1316 3352 ij.
1326 3289 1473 3354 capones

366 3371 409 3436 ad
427 3371 556 3436 Natale.

434 3475 599 3542 Henricus
629 3475 822 3560 capellanus
853 3485 945 3541 tenet
971 3475 1144 3540 dimidiam
1171 3497 1283 3541 acram
1313 3488 1401 3542 terre
1432 3479 1474 3543 de

366 3583 485 3646 eodem
516 3579 623 3660 leode,
653 3590 687 3646 et
722 3581 832 3646 reddit
867 3581 946 3646 inde
980 3601 1039 3665 per
1074 3602 1199 3647 annum
1235 3582 1288 3666 iij.
1318 3585 1475 3649 denarios

365 3685 511 3752 obolum.

431 3788 619 3854 Willelmus
638 3790 670 3854 le
691 3788 879 3872 Plowrythe
897 3798 991 3854 tenet
1008 3789 1181 3854 dimidiam
1203 3811 1314 3856 acram
1329 3800 1419 3858 terre
1434 3793 1477 3858 de

365 3896 485 3961 eodem
521 3893 628 3971 feodo,
657 3903 692 3959 et
726 3892 836 3957 reddit
871 3893 949 3958 inde
985 3914 1044 3978 per
1077 3914 1203 3958 annum
1234 3895 1288 3961 ix.
1317 3895 1476 3962 denarios

363 3999 510 4066 obolum.

432 4105 584 4188 Rogems
614 4102 798 4167 Vendhout
827 4110 921 4167 tenet
954 4122 1055 4167 vnam
1086 4104 1202 4169 rodam
1232 4102 1475 4170 etdimidiam

365 4221 451 4276 terre
465 4209 508 4274 de
522 4205 641 4281 eodem
657 4207 765 4285 leode,
779 4217 814 4272 et
831 4207 940 4271 reddit
956 4207 1034 4272 inde
1048 4229 1108 4291 per
1123 4228 1248 4274 annum
1265 4207 1305 4290 ij.
1318 4209 1476 4274 denarios

365 4315 614 4482 Oboiiiiiirolaus
637 4416 840 4482 Alisaundre
861 4426 954 4482 tenet
976 4437 1075 4482 vnam
1100 4417 1215 4482 rodam
1237 4426 1273 4481 et
1295 4414 1474 4483 dimidiam

367 367 439 458 308
675 364 713 438 T
705 375 837 440 enants
863 365 903 440 in
929 365 1151 464 Madinglcy
1358 363 1475 464 [auor

1568 4087 1569 4140 l
