3192 5067
348 335 417 408 ²7²
615 317 812 392 Hundred
832 317 881 414 of
899 317 1184 416 Hirstingstone
1332 314 1462 414 [Boon

347 503 478 588 Hurst]‚
507 504 685 570 Hocetone
713 505 918 590 [Houghton
948 507 1030 572 with
1060 505 1213 591 Wytonl,
1240 506 1462 588 wardeboys
1574 581 1576 605 ι

342 607 550 694 [Warboys],
581 611 709 695 Ripton
741 612 900 697 [Abbot's
934 612 1087 697 Ripton],
1116 622 1150 678 et
1181 613 1289 676 Parua
1323 611 1461 676 Stiuecl
1574 612 1575 675 l

344 710 464 797 [Little
487 713 674 800 Stukeley],
692 717 725 780 in
748 715 853 781 libera
872 726 907 782 et
928 737 1021 782 mera
1042 716 1225 782 elemosina
1247 715 1462 799 pertinentes

342 817 386 881 ad
421 820 703 886 sustentacionem
742 823 983 888 monachorum
1016 823 1060 887 de
1094 821 1290 904 Rameseye.
1342 821 1461 885 Tenet

344 920 508 986 Brectone
543 921 762 1006 [Broughtom
792 925 872 990 with
908 925 1012 991 Great
1046 925 1114 990 and
1150 924 1256 990 Little
1292 923 1461 1007 Raveley‚

344 1024 493 1103 Wistow‚
518 1027 683 1110 Upwood,
708 1029 775 1094 and
802 1029 908 1114 Bury]
931 1031 975 1095 de
1000 1030 1139 1095 domino
1163 1029 1258 1113 Rege
1281 1030 1315 1092 in
1339 1031 1460 1113 capite

342 1128 434 1212 quod
465 1139 567 1212 caput
596 1141 648 1196 est
677 1131 815 1197 baronie
840 1153 901 1198 sue
926 1153 987 1216 pro
1012 1153 1089 1217 qua,
1113 1152 1179 1196 vna
1204 1151 1282 1196 cum
1307 1131 1383 1195 aliis
1408 1134 1458 1196 de

342 1231 481 1296 baronia
496 1254 565 1309 sua,
580 1236 751 1319 respondit
770 1237 909 1300 domino
925 1236 1012 1320 Regi
1028 1238 1071 1301 de
1086 1236 1152 1318 iiij.
1167 1235 1336 1311 militibus,
1351 1245 1388 1300 et
1402 1235 1458 1299 sic

227 1347 450 1420 s.155btotam
482 1338 654 1404 baroniam
684 1341 837 1405 defendit
865 1363 980 1407 versus
1008 1342 1183 1406 dominum
1214 1340 1352 1423 Regem.
1404 1341 1457 1404 Et

343 1452 436 1508 tenet
458 1443 607 1527 Riptone
628 1444 744 1528 Regis¹
760 1445 896 1529 [King's
919 1445 1062 1530 Ripton]
1077 1447 1121 1510 de
1140 1445 1278 1509 domino
1299 1443 1394 1528 Rege
1414 1445 1453 1506 in

341 1549 452 1631 capite
488 1549 521 1612 in
559 1547 646 1613 seodi
683 1549 778 1614 firma
814 1552 848 1614 in
883 1553 1003 1614 eodem
1039 1549 1222 1614 hundredo.
1280 1549 1373 1612 Prior
1406 1547 1455 1612 de

345 1651 558 1734 Huntyndon
586 1663 678 1716 tenet
705 1652 850 1719 Hersord
876 1653 1069 1739 [Hartsord]
1093 1655 1126 1718 in
1155 1653 1244 1718 seodi
1270 1651 1382 1717 firma²
1406 1653 1454 1716 de

342 1757 480 1821 domino
504 1755 598 1838 Rege
621 1757 653 1820 in
677 1755 797 1821 eodern
820 1757 1004 1822 hundredo.

407 1859 538 1943 Magna
570 1857 708 1924 Stiuecle
742 1860 861 1944 [Great
897 1860 1083 1945 Stukeley].
1144 1861 1313 1925 Robertus
1342 1859 1387 1923 de
1416 1859 1454 1924 la

344 1963 480 2028 Kernell
505 1973 598 2028 tenet
622 1986 691 2029 arx.
717 1965 855 2030 libratas
881 1974 967 2030 terre
993 1969 1037 2030 de
1063 1964 1279 2030 seoffamento
1305 1964 1453 2030 Comitis

344 2068 456 2133 Dauid
472 2090 533 2154 pro
548 2069 647 2133 feodo
662 2069 692 2151 .j.
703 2069 827 2134 militis.
873 2070 1039 2134 Radulsus
1055 2071 1202 2153 Cameys
1216 2067 1289 2135 .C.a
1304 2079 1392 2132 terre
1405 2069 1453 2132 de

342 2173 557 2239 leoffamento
571 2173 652 2238 dicti
669 2175 812 2240 Comitis
834 2196 894 2259 pro
909 2177 975 2240 iiii.
991 2186 1086 2259 parte
1101 2175 1130 2257 .j.
1147 2175 1271 2238 militis.
1316 2173 1450 2256 Symon

341 2279 385 2342 de
401 2276 527 2344 Sancto
540 2278 649 2343 Licio⁸
663 2288 756 2344 tenet
767 2302 812 2344 .x.
825 2279 961 2343 libratas
977 2289 1063 2343 terre
1078 2280 1121 2343 de
1136 2277 1352 2343 seoffamento
1366 2278 1450 2341 dicti
1574 2262 1575 2273 ἵ

341 2381 483 2446 Comitis
506 2403 567 2467 pro
586 2382 726 2447 dimidia
746 2397 843 2467 parte
858 2383 885 2465 .j.
906 2383 1028 2446 militis.
1076 2381 1332 2446 Memorandum
1355 2382 1447 2465 quod

341 2495 413 2550 tota
443 2487 522 2551 villa
551 2488 595 2552 de
625 2487 773 2554 Stiuecle
803 2494 950 2552 tenetur⁴
975 2487 1018 2551 de
1047 2487 1174 2551 honore
1201 2487 1450 2570 Huntyndonie

341 2612 441 2675 quern
459 2591 535 2654 Rex
553 2591 670 2656 Scocie
688 2593 826 2657 tenebat
844 2595 1005 2677 incapite
1027 2593 1070 2656 de
1085 2594 1225 2657 domino
1241 2593 1343 2674 Rege,
1359 2593 1448 2657 vnde
1574 2674 1575 2685 ἵ

341 2706 413 2761 tota
424 2697 503 2761 villa
514 2697 558 2761 de
570 2695 716 2762 Stiuecle
727 2697 848 2762 cecidit
863 2699 897 2762 in
909 2707 1038 2782 partem
1052 2697 1194 2764 Comitis
1208 2695 1445 2780 Alberm[arle]

340 2812 374 2866 et
391 2801 578 2866 Christiane
593 2804 706 2866 vxoris
723 2823 782 2867 sue
797 2815 831 2868 et
842 2803 1006 2886 Johannis
1021 2804 1064 2866 de
1081 2802 1198 2885 Baylol
1213 2810 1248 2865 et
1262 2802 1447 2884 Devorguil

341 2927 454 2972 vxorrs
470 2928 536 2972 sue

408 3013 560 3096 Rogerus
586 3013 786 3077 osticiarius⁸
812 3025 905 3078 tenet
932 3014 960 3095 .j.
983 3025 1174 3078 carucatam
1198 3025 1285 3078 terre
1308 3015 1341 3076 in
1368 3014 1448 3077 villa
1574 2982 1575 3037 i

341 3117 457 3182 Sancti
482 3117 612 3180 Yuonis
636 3116 693 3200 [St
721 3117 808 3202 Ives]
833 3140 893 3201 per
914 3120 1091 3183 seruicium
1115 3119 1267 3183 custodie
1289 3118 1388 3182 ostor'
1412 3119 1446 3181 in
1574 3150 1575 3155 κ

340 3221 450 3304 capite
472 3220 516 3285 de
539 3220 642 3303 Rege.

406 3325 439 3388 A
451 3324 530 3390 villa
541 3324 584 3389 de
601 3324 837 3390 Sumeresham
854 3324 1084 3409 [Somersham
1097 3326 1177 3390 with
1189 3326 1304 3403 Coloe,
1317 3327 1449 3391 Blunti-

341 3431 445 3505 sham,
471 3429 598 3507 Earith‚
623 3430 756 3512 Pedley‚
781 3430 847 3493 and
873 3429 1019 3513 Fenton]
1042 3429 1123 3494 nihil
1147 3439 1258 3513 potest
1281 3432 1448 3515 inquirere

341 3535 419 3616 quia
441 3543 539 3598 extra
562 3533 678 3598 solram
703 3534 821 3598 volunt
844 3535 958 3598 exire‘.

389 3797 399 3828 ¹
418 3799 475 3863 lug,
487 3797 546 3848 MS.
904 3795 916 3826 ²
932 3796 1038 3854 firmam,
1050 3797 1111 3846 MS.

389 3880 400 3913 ³
419 3882 442 3931 1t
453 3897 512 3946 may
522 3881 555 3930 be
565 3881 724 3946 conjectured
736 3879 790 3930 that
802 3879 841 3928 lor
853 3878 949 3928 “Licin
957 3879 973 3900 ’'
984 3894 1023 3929 we
1034 3878 1124 3928 should
1135 3878 1194 3927 read
1207 3882 1224 3906 ‘⁸
1233 3878 1343 3942 Eligio.”

389 3965 400 3996 ⁴
416 3972 491 4024 tenet,
507 3963 575 4024 MS„
590 3963 672 4014 which
683 3964 737 4013 also
749 3963 822 4013 reads
832 3970 912 4028 parte,
924 3963 1002 4022 uxori,
1013 3961 1152 4026 Jobanraes.

389 4047 400 4079 ³
417 4046 563 4096 Ostlciarius
578 4046 600 4096 is
615 4045 739 4110 probably
749 4061 767 4094 a
780 4043 900 4095 falconer.
934 4045 1056 4108 Ducange
1071 4043 1184 4108 explains
1197 4042 1314 4094 Ostorius
1328 4053 1356 4094 to
1370 4061 1446 4097 mem

342 4135 374 4182 ‘a
384 4129 472 4181 hawk’
487 4128 629 4194 (accipiter).

389 4213 400 4246 ⁸
418 4214 449 4263 ln
464 4213 507 4264 the
519 4211 577 4262 MS.
590 4211 639 4261 this
653 4211 794 4276 paragraph
805 4210 925 4276 precedes
940 4210 1011 4260 those
1026 4225 1059 4258 on
1073 4209 1200 4258 Fordham
1216 4210 1265 4259 aad
1278 4209 1447 4276 Badlingham

341 4313 398 4348 now
416 4294 564 4346 transferred
584 4302 610 4343 to
628 4293 693 4343 their
710 4309 802 4359 proper
817 4293 890 4358 place
906 4292 931 4340 in
950 4292 1054 4357 Staploe
1072 4291 1206 4349 flandren,
1225 4293 1448 4358 Cambridgsbire

341 4385 392 4444 (aee
408 4381 497 4437 abore,
516 4394 539 4444 p.
558 4377 625 4443 261).
