3192 5067
311 341 380 390 222
438 319 500 416 Of
517 321 578 392 tlte
595 320 692 418 firsl
716 319 919 395 dedication
945 321 1071 418 ostie
1100 319 1249 394 Churclr
1292 319 1411 418 [noorc

144 521 273 624 gimpa
308 527 383 571 cum
408 508 630 573 sollicitudine
654 529 785 591 magna.
830 509 887 573 Ad
912 508 1133 591 mitigandam
1160 529 1240 572 uero
1264 508 1411 591 episcopi

143 623 266 715 133¹ss
309 613 576 696 indignacionem
603 615 733 696 scripsit
763 614 854 677 Prior
879 613 989 677 eidem
1014 615 1173 696 episcopo
1199 632 1258 695 per
1285 611 1411 675 litteras

142 723 292 824 {ssiffllssq
308 737 384 780 suas
407 729 561 802 patentes
584 719 716 781 ueniam
741 728 867 801 petens,
890 738 973 799 quas
1000 738 1058 800 per
1080 716 1285 798 subpriorem
1313 735 1410 778 suum

141 823 262 928 weh.
309 822 416 886 eidem
439 823 598 907 episcopo
621 823 834 906 presentauit.
879 821 1010 904 Quibus
1035 822 1188 904 perlectis
1211 819 1302 884 fleuit
1325 821 1411 902 epis-

307 947 411 1009 copus
426 938 461 992 et
476 929 624 993 debitum
647 929 782 992 dimisit.
830 928 951 992 Postea
965 937 1102 1011 rogatus
1122 928 1298 1010 episcopus
1319 926 1411 990 uenit

308 1032 473 1116 pacificus,
499 1044 532 1098 et
557 1034 729 1098 ecclesiam
755 1035 981 1098 reconciliauit
1005 1053 1081 1096 cum
1110 1053 1233 1116 magna
1254 1031 1410 1114 sollemp-

307 1138 412 1203 nitate
425 1160 431 1216 ;
448 1159 571 1222 aquam
587 1139 797 1203 benedictam
815 1158 892 1202 cum
907 1138 985 1202 vino
1000 1147 1034 1202 et
1045 1137 1164 1211 cinere,
1175 1146 1226 1199 ter
1236 1137 1409 1200 ecclesiam

307 1243 468 1306 circuiens
484 1243 620 1307 interius
641 1253 674 1306 et
695 1254 745 1306 ter
765 1243 923 1317 exterius,
941 1243 1031 1325 large
1052 1240 1146 1305 dedit
1167 1241 1199 1304 in
1222 1240 1412 1323 parietibus,

307 1356 341 1409 et
356 1347 481 1430 populo
496 1347 745 1411 circumastanti
767 1347 954 1429 largissime
974 1347 1007 1410 in
1029 1345 1203 1420 frontibus,
1219 1355 1253 1409 et
1273 1345 1409 1408 missam

306 1450 486 1516 celebrauit
501 1453 543 1516 ad
557 1473 716 1536 magnum
733 1452 838 1516 altare
853 1453 896 1515 de
908 1452 1034 1517 Sancto
1048 1452 1180 1534 Egidi0,
1191 1461 1225 1515 et
1237 1451 1410 1534 indulgen-

306 1559 391 1621 ciam
413 1559 467 1622 .xl.
488 1558 615 1624 dierum
637 1560 811 1635 concessit,
829 1567 863 1621 et
884 1568 1063 1641 postquam
1084 1558 1198 1620 omnia
1220 1555 1411 1638 compleuit,

308 1685 457 1728 reuersus
482 1674 534 1729 est
564 1665 606 1728 ad
638 1665 814 1748 prandium
846 1684 942 1727 suum
974 1663 1017 1726 ad
1049 1663 1190 1727 Dittone
1219 1672 1254 1725 et
1284 1661 1409 1726 nullam

308 1771 577 1850 procuracionem
588 1771 720 1852 recepit.
760 1769 924 1832 Factaest
933 1768 995 1831 hec
1005 1767 1232 1831 reconciliacio
1242 1766 1410 1830 dominica

308 1875 467 1938 secunda¹
491 1874 744 1958 quadragesime
768 1874 874 1958 pridie
899 1894 1004 1938 nonas
1030 1872 1146 1955 Marcij
1171 1892 1261 1936 anuo
1283 1871 1410 1934 domini

309 1989 373 2042 .m⁰.
389 1989 447 2042 cc0.
464 1978 576 2043 lxxx0.
592 1983 734 2042 octauo².
811 1978 857 2040 Et
898 1977 986 2041 idem
1024 1976 1195 2059 Johannes
1235 1977 1411 2060 episcopus

309 2091 459 2146 mortuus
481 2093 515 2146 et
538 2081 687 2165 sepultus
710 2079 790 2166 [est]
814 2091 893 2144 ante
915 2081 1039 2162 pascha
1063 2080 1095 2142 in
1120 2099 1208 2143 anno
1231 2091 1399 2164 sequente.

395 2375 444 2438 28.
490 2373 541 2436 De
556 2371 670 2455 prima
693 2371 892 2436 dedicacione
913 2369 1052 2434 Ecclesia
1073 2369 1112 2433 de
1133 2371 1326 2435 Bernewelle

690 2485 722 2538 et
741 2475 934 2558 capellarum
954 2474 1032 2539 eius.

145 2640 296 2736 {stiffi-reb
374 2629 560 2695 Willelmus
582 2629 625 2692 de
650 2628 768 2710 Longo
792 2627 924 2710 Campo
943 2627 1121 2710 episcopus
1143 2627 1298 2710 Elyensis
1321 2648 1411 2692 anno

145 2744 275 2836 313}ch
310 2734 352 2800 ab
376 2735 606 2798 incarnacione
628 2733 755 2797 domini
780 2742 971 2796 .m⁰.c⁰.xc⁰.
993 2731 1101 2814 primo
1120 2732 1287 2796 dedicauit
1308 2733 1412 2798 eccle·

145 2844 257 2948 goqrrss·
309 2840 392 2902 siam
408 2837 663 2902 conuentualem
680 2837 722 2900 de
739 2835 940 2900 Bemewelle
955 2835 988 2898 in
1005 2835 1131 2900 honore
1147 2837 1262 2902 Sancti
1274 2837 1412 2901 Andree

310 2953 343 3007 et
360 2943 474 3008 Sancti
490 2940 623 3024 Egydij,
639 2943 671 3003 in
688 2939 817 3004 octabis
830 2939 1016 3023 pascheni.
1028 2939 1093 3003 lral.
1108 2939 1189 3022 Maij
1203 2951 1237 3003 et
1248 2943 1413 3005 concessit

146 3067 296 3159 §hffi{l⁸⁹‘¹
310 3048 365 3112 .xl.
380 3047 452 3111 dies
471 3045 687 3128 indulgencie.
741 3043 913 3126 Johannes
936 3044 1111 3127 episcopus
1134 3042 1304 3125 Elyensis³
1323 3065 1413 3108 anno

146 3167 276 3260 21:253qu
310 3153 353 3218 ab
375 3153 606 3216 incarnacione
629 3149 754 3213 domini
779 3147 1020 3230 .m⁰.cc⁰.xxij⁰.
1042 3149 1094 3230 .vj.
1117 3170 1223 3213 nonas
1246 3149 1413 3230 Octobris,

146 3268 283 3361 {aquaem
310 3281 399 3324 anno
419 3278 497 3322 vero
518 3256 610 3339 regni
632 3254 734 3337 Regis
758 3254 895 3318 Henrici
917 3253 975 3316 filii
998 3253 1101 3335 Regis
1121 3254 1285 3336 Johaunis
1305 3265 1415 3332 sext0,

198 3347 203 3361 ⁸
309 3375 461 3447 tempore
488 3360 661 3443 Laurencij
692 3361 821 3436 Prioris,
846 3359 1015 3423 dedicauit
1042 3360 1206 3443 capellam
1235 3359 1414 3425 infirmarie

309 3481 431 3548 nostre,
455 3469 489 3533 in
516 3468 642 3531 honore
669 3467 784 3532 Sancti
814 3465 902 3528 Petri
929 3465 1158 3548 apostolorum
1186 3465 1353 3548 principis,
1378 3476 1414 3531 et

309 3581 472 3646 concessit
486 3601 524 3643 .v.
540 3577 611 3642 dies
627 3575 845 3658 indulgencie,
861 3585 895 3638 et
910 3574 987 3638 ideo
1005 3575 1144 3657 singulis
1158 3577 1254 3640 annis
1270 3577 1303 3640 in
1320 3579 1413 3641 anni-

310 3686 454 3750 uersario
474 3681 696 3747 dedicacionis
717 3678 905 3744 celebratur
918 3679 1020 3742 missa
1035 3679 1229 3763 sollempnis
1245 3679 1277 3743 in
1294 3681 1413 3746 eadem

308 3789 445 3873 capella.
492 3787 586 3851 Idem
603 3784 772 3868 Johannes
788 3784 965 3867 episcopus
979 3784 1143 3865 Elyensis,
1154 3805 1243 3847 anno
1255 3786 1298 3848 ab
1308 3787 1414 3850 incar·

311 3895 450 3960 nacione
469 3893 596 3956 domini
614 3891 869 3955 .m⁰.cc⁰.xxix⁰.
884 3891 939 3954 die
958 3889 1082 3954 Sancte
1103 3889 1247 3972 Agnetis
1268 3892 1414 3974 uirginis,

357 4040 473 4107 ¹prima,
488 4040 544 4089 MS.

358 4123 369 4156 ²
385 4123 441 4173 'lhe
456 4123 514 4172 date
530 4120 644 4186 required
660 4128 725 4169 must
740 4119 772 4170 be
792 4121 927 4184 1288--89,
941 4120 967 4168 in
979 4119 1062 4168 which
1077 4135 1137 4184 year
1147 4120 1190 4169 the
1204 4122 1297 4170 second
1310 4123 1415 4188 Sunday

310 4209 335 4257 in
359 4209 423 4257 Lent
442 4206 486 4256 fell
500 4207 586 4270 paulic
604 4204 699 4263 Nonas,
720 4204 761 4254 i.e.
784 4218 817 4252 on
838 4203 926 4252 March
949 4204 973 4254 6·
1007 4204 1142 4253 Moreover
1161 4204 1230 4270 John
1253 4205 1336 4270 Kirby
1353 4207 1415 4257 died

310 4290 341 4340 26
354 4289 450 4350 March,
468 4305 538 4354 rapo.
572 4289 620 4337 We
631 4295 696 4336 must
708 4285 831 4336 therefore
842 4288 901 4336 read
913 4287 1038 4338 dominica
1049 4288 1157 4338 secunda
1169 4289 1208 4339 ior
1217 4289 1242 4339 cl.
1257 4289 1345 4356 prima.

358 4369 369 4402 ³
383 4371 450 4437 John
464 4371 553 4430 Pherd,
568 4371 609 4437 bp.
625 4368 653 4418 ol
662 4369 710 4433 Ely
726 4383 893 4432 rano-1225.
