3192 5067
334 297 407 368 300
655 277 694 351 T
688 288 819 352 enam
844 278 885 351 in
913 275 1128 350 comberton
1317 271 1440 370 [soon

330 587 475 652 capones
497 569 540 634 ad
565 569 695 636 Natale.

395 671 582 737 Willelmus
597 671 684 738 filius
701 673 835 738 Radulfi
852 682 943 738 tenet
955 693 1057 737 vnum
1073 673 1222 737 clausum
1238 680 1273 734 et
1286 669 1438 753 quinque

329 793 422 838 acras
437 784 531 852 terre,
545 786 580 839 et
595 777 703 842 reddit
719 777 797 842 inde
813 797 871 860 per
885 797 1011 841 annum
1027 774 1146 856 xxxij.
1162 773 1325 838 denarios.

396 879 586 964 Stephanus
610 882 811 966 Capelianus
841 893 933 948 tenet
963 903 1066 948 unum
1090 882 1240 946 clausum
1263 900 1339 944 cum
1370 899 1437 942 vna

329 984 468 1049 dimidia
504 1005 580 1050 acra
617 994 710 1064 terre,
747 998 781 1052 et
818 987 928 1052 reddit
965 986 1043 1052 inde
1080 1007 1138 1070 per
1175 1005 1298 1049 annum
1337 1004 1435 1046 xxx.

329 1087 490 1152 denarios.

395 1191 582 1258 Willelmus
610 1194 782 1260 Bercarius
809 1206 900 1260 tenet
930 1217 1032 1260 vnum
1056 1196 1205 1259 clausum
1228 1214 1301 1258 cum
1330 1190 1437 1255 crofta

330 1403 491 1468 denarios.

396 1507 584 1572 Wilielmus
604 1507 690 1572 filius
712 1509 872 1574 Willelmi
895 1507 1037 1592 Bercarij
1060 1517 1153 1572 tenet
1167 1527 1270 1570 vnum
1285 1505 1435 1569 clausum

330 1631 404 1676 cum
422 1613 535 1690 crosta,
550 1623 584 1678 et
600 1614 709 1679 reddit
724 1615 802 1679 inde
816 1635 875 1698 per
890 1633 1016 1678 annum
1031 1610 1072 1695 ij.
1089 1611 1223 1676 solidos.

396 1717 525 1780 Alanus
549 1717 643 1782 saber
667 1728 760 1783 tenet
785 1739 885 1782 vnam
914 1717 1054 1781 crostam
1079 1725 1114 1780 et
1138 1715 1247 1780 reddit
1274 1713 1351 1777 inde
1377 1734 1437 1796 per

330 1840 455 1884 annum
479 1821 662 1904 precentori
686 1823 729 1886 de
752 1821 954 1886 Bemewelle
976 1843 1019 1886 .x.
1042 1819 1175 1885 solidos.

395 1922 564 1989 Gilbertus
580 1926 683 1989 cissor
700 1935 792 1990 tenet
808 1947 910 1990 vnum
926 1925 1086 2002 clausum,
1101 1932 1136 1988 et
1152 1923 1262 1988 reddit
1282 1922 1361 1986 inde
1378 1943 1437 2005 per

330 2049 454 2092 annum
471 2029 656 2113 precentori
672 2031 715 2094 de
731 2029 932 2095 Bemewelle
948 2029 1049 2112 .xviij.
1065 2029 1226 2092 denarios.

396 2131 585 2214 Margareta
615 2135 658 2197 de
696 2133 880 2197 Mintemor
908 2134 952 2198 de
983 2131 1207 2208 Eueresdone,
1236 2142 1271 2194 et
1302 2130 1437 2193 Amicia

329 2236 499 2318 quondam
537 2257 622 2300 vxor
659 2236 817 2300 Willelmi
856 2237 972 2301 Thede
1009 2237 1052 2300 de
1099 2235 1277 2300 Hariltone
1320 2242 1437 2298 tenent

330 2349 558 2405 tenementum
581 2339 671 2423 quod
696 2339 806 2404 Lucas
832 2340 875 2404 de
898 2341 1105 2404 Euerisdone
1127 2339 1299 2423 quondam
1330 2338 1439 2402 tenuit

332 2464 389 2528 per
404 2445 579 2507 seruicium
595 2443 709 2526 .xxvij.
726 2444 947 2520 denariorum,
962 2452 997 2508 et
1016 2443 1070 2525 iij.
1085 2463 1230 2527 capones
1246 2441 1288 2506 ad
1306 2442 1440 2516 Natale,

330 2557 364 2611 et
380 2547 479 2611 nichil
497 2547 648 2611 reddunt.
857 2547 998 2612 Summa
1014 2545 1101 2629 dviij.
1116 2544 1213 2610 solidi
1229 2545 1285 2628 .xj.
1301 2543 1439 2609 denarii.

238 2722 253 2772 s.
271 2719 318 2788 1⁶9
399 2719 457 2782 Isti
474 2727 552 2781 sunt
568 2716 770 2800 Custumarij
788 2717 938 2782 eiusdem
956 2718 1078 2782 Prioris
1093 2718 1126 2781 in
1143 2715 1378 2782 Cumbertone.

396 2857 549 2940 Rogerus
571 2857 614 2921 ad
646 2856 831 2920 Ecclesiam
854 2865 947 2921 tenet
976 2857 1031 2921 ix.
1054 2877 1148 2920 acras
1169 2865 1255 2920 terre
1278 2865 1313 2919 et
1339 2854 1440 2919 faciet

330 2962 477 3045 qualibet
487 2961 674 3044 septimana
689 2981 748 3044 per
759 2981 884 3026 annum
901 2971 968 3026 tres
977 2982 1114 3045 operas:
1128 2959 1254 3024 scilicet
1262 2961 1317 3025 die
1334 2960 1440 3038 Lune,

330 3068 385 3130 die
400 3065 565 3148 Mercurij,
580 3074 614 3129 et
628 3063 684 3130 die
695 3065 845 3143 Veneris,
857 3066 920 3130 nisi
937 3066 1058 3131 festum
1074 3065 1271 3149 impedierit,
1286 3066 1440 3150 exceptis

331 3170 498 3254 quindena
520 3167 651 3232 Natalis
674 3168 821 3247 Domini,
841 3171 1030 3253 septimana
1051 3169 1186 3249 Pasche,
1201 3179 1235 3235 et
1250 3170 1441 3253 septimana

333 3275 553 3339 Pentecostes.

394 3379 566 3462 Johannes
587 3376 630 3440 de
653 3375 809 3442 Greneho
831 3386 924 3443 tenet
945 3380 1030 3444 duas
1053 3399 1147 3444 acras
1168 3387 1263 3455 terre,
1282 3387 1317 3444 et
1340 3378 1440 3443 saciet

331 3483 479 3568 qualibet
500 3483 687 3567 septimana
708 3504 766 3567 per
789 3504 914 3549 annum
935 3505 1037 3549 vnarn
1057 3506 1215 3570 operam:
1239 3486 1364 3550 scilicet
1384 3484 1441 3549 die

333 3590 437 3666 Lune,
463 3589 525 3652 nisi
556 3586 677 3653 festum
708 3589 906 3673 impedierit,
935 3601 1079 3675 excepta
1110 3593 1280 3675 quindena
1308 3592 1442 3655 Natalis

333 3695 480 3770 Domini,
502 3695 690 3778 septimana
714 3695 849 3773 Pasche,
870 3708 904 3761 et
927 3699 1115 3780 septimana
1139 3699 1360 3762 Pentecostes.
