3192 5067
139 311 211 410 vn]
230 310 412 385 Parisios
429 310 476 408 of
484 311 589 408 Holy
600 311 802 408 Sepulchra
819 309 900 384 ancl
913 310 952 384 S.
966 308 1138 381 Michacl
1173 309 1241 397 285

205 815 233 879 3.
279 795 444 861 Parcclcia
468 795 586 860 Sancti
608 794 782 877 Sepulchri
803 795 848 878 [et
871 793 991 859 Sancti
1010 789 1187 855 Michaelis

585 898 802 982 permixtim}

208 1097 261 1160 De
276 1095 398 1160 vicario
412 1095 550 1160 ecclesie
566 1094 682 1160 Sancti
699 1094 874 1178 Sepulchri
890 1093 965 1176 .vj.s.
982 1093 1088 1176 .viijd.

207 1197 357 1262 Thomas
395 1197 519 1280 Tuylet
554 1206 647 1261 tenet
684 1217 786 1261 vnum
827 1197 1019 1280 granarium
1057 1195 1100 1259 ad
1137 1194 1248 1258 Darne

141 1303 395 1368 Nicholeshithe
410 1312 445 1367 et
460 1302 569 1366 reddit
585 1301 664 1367 inde
679 1324 739 1387 per
757 1323 884 1368 annum
900 1300 1075 1367 dimidiam
1092 1320 1248 1364 marcam.

207 1406 319 1470 Alicia
353 1406 396 1470 de
431 1405 608 1471 Schelford
645 1415 738 1469 tenet
773 1426 877 1469 vnum
914 1405 1121 1488 mesuagium
1152 1404 1249 1467 iuxta

142 1511 343 1575 cimiterium
367 1508 505 1574 ecclesie
528 1508 645 1574 Sancti
671 1507 854 1584 Michaelis,
876 1517 909 1571 et
934 1506 1042 1573 reddit
1065 1507 1147 1590 .vj.d.

209 1614 416 1698 Reginaldus
439 1616 482 1678 de
503 1613 731 1679 Cumbertone
751 1623 845 1676 tenet
860 1633 962 1676 vnum
985 1613 1193 1696 mesuagium
1215 1607 1248 1674 in

142 1719 299 1803 parochia
315 1719 431 1785 Sancti
448 1718 632 1802 Sepulchri,
647 1717 738 1802 quod
755 1718 926 1800 quondam
946 1717 1009 1781 fuit
1026 1718 1119 1800 Jocei
1142 1716 1250 1798 Judei‚

142 1833 178 1888 et
192 1822 302 1888 reddit
317 1821 491 1887 dimidiam
509 1842 664 1887 marcam.

207 1927 378 2010 Johannes
414 1927 456 1992 de
492 1926 666 1993 Scheliord
703 1936 796 1990 tenet
832 1945 934 1989 vnum
971 1927 1179 2010 mesuagium
1216 1926 1250 1988 in

142 2032 305 2096 cimiterio
326 2031 443 2097 Sancti
465 2030 640 2116 Sepulchri
656 2028 747 2113 quod
764 2029 826 2093 suit
850 2029 956 2094 Elene
978 2029 1070 2108 Gert,
1085 2039 1120 2094 et
1141 2030 1251 2094 reddit

143 2157 203 2220 per
218 2155 344 2201 annum
360 2135 460 2218 ‚xij.d.

211 2237 374 2303 Ricardus
395 2236 438 2302 de
459 2237 609 2302 Derham
631 2246 723 2301 tenet
739 2256 841 2300 vnum
859 2237 1067 2319 mesuagium
1083 2237 1117 2299 in
1132 2235 1250 2300 eadem

144 2343 302 2428 parochia
323 2344 419 2407 iuxta
442 2340 649 2424 mesuagium
675 2341 799 2405 Heruei
823 2341 916 2419 Pilet,
932 2342 1022 2423 quod
1038 2340 1100 2404 suit
1121 2340 1252 2404 Thome

143 2447 187 2510 de
203 2446 284 2522 Len,
299 2455 332 2509 et
351 2445 461 2510 reddit
476 2444 557 2526 .xjs.

213 2550 367 2615 Herueus
390 2547 475 2611 Pilet
497 2557 590 2612 tenet
603 2567 707 2611 vnum
730 2547 938 2630 mesuagium
960 2548 994 2611 in
1015 2551 1133 2612 eadem
1155 2567 1251 2633 paro-

145 2653 221 2717 chia
242 2655 339 2717 iuxta
360 2651 568 2734 mesuagium
589 2654 760 2734 quondam
777 2651 909 2715 Thome
930 2651 973 2716 de
995 2652 1076 2729 Len,
1092 2662 1125 2716 et
1142 2651 1251 2716 reddit

145 2757 244 2840 .viij.s.
259 2764 294 2821 et
310 2756 339 2838 .j.
354 2755 473 2820 libram
490 2755 622 2839 piperis

212 2861 399 2924 Willelmus
433 2860 476 2924 de
513 2860 674 2925 Holonde
710 2871 802 2925 tenet
836 2882 938 2926 vnum
974 2863 1180 2946 mesuagium
1216 2863 1249 2926 in

146 2967 264 3031 eadem
288 2964 445 3048 parochia
467 2965 565 3030 iuxta
591 2967 799 3048 mesuagium
824 2966 904 3030 dieti
931 2965 1065 3044 Heruei,
1086 2977 1120 3031 et
1143 2968 1252 3032 reddit

145 3091 206 3155 per
229 3089 353 3134 annum
378 3090 444 3134 ‚xa

209 3173 380 3258 Johannes
406 3172 563 3237 Porthors
587 3183 679 3238 tenet
701 3173 841 3238 domum
864 3173 1032 3257 lapideam
1056 3195 1156 3258 supet
1182 3195 1252 3239 cor·

146 3279 274 3343 nerium
302 3299 346 3342 ex
378 3279 535 3361 opposito
561 3279 699 3343 ecclesie
726 3277 843 3343 Sancti
875 3277 1057 3362 Sepulchri,
1080 3289 1114 3343 et
1144 3278 1253 3344 reddit

145 3381 185 3464 ij.
210 3402 338 3447 marcas
361 3391 395 3445 et
417 3381 616 3445 dimidiam¹.

211 3487 308 3550 onr
345 3485 469 3569 Rogeri
506 3481 667 3569 Popelote
703 3496 794 3551 tenet
832 3507 935 3550 vnum
975 3489 1181 3570 mesuagium
1219 3490 1251 3553 in

147 3588 276 3654 venella
299 3589 423 3655 Sancte
448 3589 676 3672 Radegundis,
698 3600 732 3654 et
757 3589 867 3654 reddit
891 3589 989 3671 ,xij.d.

214 3693 366 3776 Rogerus
381 3693 547 3759 aurifaber
562 3703 653 3758 tenet
669 3715 768 3759 unam
785 3714 897 3759 acram
917 3703 1002 3759 terre
1018 3695 1051 3759 in
1067 3696 1195 3778 campis
1210 3694 1253 3760 de

149 3797 349 3862 Bernewelle
365 3798 461 3862 iuxta
477 3799 686 3882 mesuagium
702 3798 834 3862 Yuonis
849 3797 929 3874 coci,
944 3807 978 3861 et
994 3798 1103 3863 reddit
1118 3799 1216 3881 ‚xijct
1266 3813 1360 3864 lamb

214 3900 378 3964 Ricardus
394 3903 437 3964 de
453 3901 570 3965 Wellis
586 3911 679 3966 tenet
695 3921 797 3966 vnum
822 3903 1030 3984 mesuagium
1047 3903 1079 3966 in
1095 3903 1253 3986 parochia

150 4003 264 4070 Sancti
282 4003 457 4068 Michaelis
473 4007 505 4068 in
525 4004 819 4080 Findesiluerlane,
836 4015 870 4068 et
886 4004 993 4069 reddit
1009 4006 1108 4088 .xij.d.

914 4109 1071 4192 [Summa
1086 4111 1168 4194 .cvj.⁸
1182 4110 1254 4196 vj.‘¹]

196 4295 204 4329 ¹
222 4297 278 4347 The
293 4313 349 4347 sum
361 4296 406 4346 has
421 4313 436 4347 a
452 4297 503 4349 line
513 4299 600 4349 drawn
617 4298 724 4364 through
740 4299 767 4361 it,
781 4299 865 4350 andis
881 4299 977 4350 altered
992 4301 1018 4350 in
1033 4303 1138 4354 another
1149 4303 1216 4355 haud
1228 4316 1255 4356 to

151 4381 217 4446 .1iij.·
229 4379 299 4446 ‚iiijr'
