3192 5067
338 322 411 393 ²04
543 298 620 371 The
645 298 810 372 Conveni
834 298 1005 395 oppoz'nts
1030 324 1054 371 o
1080 296 1241 371 Proctor
1321 295 1441 395 [soor

334 488 363 533 et
383 478 447 548 alijs
468 478 650 534 ecclesiarum
670 496 728 534 non
750 479 953 535 cathedralium
976 479 1091 550 prelatis
1112 479 1161 551 qui
1179 489 1296 549 presunt
1314 477 1441 549 collegiis

335 568 521 635 obseruando,
540 569 581 623 ita
604 569 696 624 eciam
719 570 796 639 quod
820 569 920 640 prelati
944 577 974 623 et
997 568 1132 639 prepositi
1157 566 1318 622 huiusmodi
1340 583 1358 620 a
1382 565 1441 620 suis

335 655 461 725 collegijs
477 666 672 726 procuratores
688 654 817 710 similiter
832 655 1011 719 ordinentur,
1029 674 1080 727 pro
1097 655 1215 725 singulis
1227 670 1295 709 uero
1311 653 1441 724 capitulis

336 743 539 798 cathedralium
558 743 741 798 ecclesiarum
760 745 880 799 Decano
899 755 926 799 et
945 744 1045 799 maiori
1063 744 1273 799 Archidiacono
1291 741 1441 797 cuiuslibet

336 829 505 885 cathedralis
517 830 644 897 ecclesie,
652 831 690 885 ab
702 830 771 900 ipsis
783 830 914 901 capitulis
926 831 964 885 ad
977 831 1051 885 idem
1062 830 1220 885 Concilium
1230 846 1295 885 cum
1305 829 1441 884 mandato

337 917 420 972 simili
444 917 638 983 destinandis;
662 927 691 972 et
714 919 778 988 alijs
799 920 928 989 personis
949 920 1103 974 maioribus
1124 918 1251 973 eiusdem
1273 918 1398 988 capituli,
1417 916 1441 970 si

336 1006 427 1061 dictos
442 1007 582 1061 decanum
599 1015 626 1061 et
642 1006 883 1062 Archidiaconum
902 1008 946 1062 uel
963 1024 1060 1063 eorum
1076 1008 1196 1063 alterum
1210 1005 1339 1077 impediri
1352 1005 1441 1060 conti-

335 1094 416 1165 gerit,
429 1094 458 1149 in
471 1095 595 1165 ipsorum
608 1096 703 1149 locum
716 1094 911 1165 subrogandis.

390 1184 454 1252 Quo
467 1182 542 1239 circa
554 1182 721 1238 fraternitati
734 1192 781 1238 tue
789 1200 841 1254 per
849 1183 1006 1252 apostolica
1015 1183 1120 1255 scripta
1129 1184 1299 1238 mandamus
1307 1182 1441 1253 quatinus

336 1273 527 1344 prouisionem
539 1272 700 1328 huiusmodi
714 1272 880 1328 auctoritate
892 1282 990 1327 nostra
1003 1290 1052 1344 per
1062 1282 1138 1328 tuam
1148 1271 1325 1343 prouinciam
1335 1270 1441 1325 denun-

336 1360 402 1428 cies,
415 1372 445 1416 et
456 1362 576 1417 mandes
588 1362 741 1417 obseruari.

392 1451 499 1504 Datum
514 1449 644 1520 Lugduni
650 1448 704 1503 arii.
713 1448 768 1505 kal.
777 1450 912 1521 Januarij,
922 1449 1105 1505 Pontificatus
1118 1446 1205 1504 nostri
1219 1464 1295 1502 anno
1308 1445 1440 1502 secundo.

618 1726 645 1801 8,
690 1725 884 1790 Procuraczo
905 1726 952 1789 od
974 1725 1158 1791 Concilium.

176 1882 280 1973 {iffi
393 1876 578 1932 Sanctissimo
603 1877 632 1931 in
657 1877 770 1933 Christo
794 1879 868 1947 patri
892 1888 919 1933 et
945 1879 1061 1933 domino
1086 1875 1247 1949 G[reg0ri0]
1272 1876 1317 1931 dei
1346 1875 1443 1944 gracia

177 1979 311 2028 amwett,
339 1974 519 2019 sacrosancte
535 1966 665 2020 Romane
679 1982 713 2019 ac
726 1965 892 2021 uniuersalis
908 1967 1025 2021 ecclesie
1042 1982 1153 2021 summo
1169 1964 1293 2036 pontifici
1311 1960 1442 2035 S[ymon]

174 2030 325 2133 {gffifffif’
338 2054 452 2109 humilis
466 2055 545 2109 Prior
557 2055 592 2109 de
607 2055 776 2110 Bemewelle
789 2066 817 2110 et
829 2054 956 2110 eiusdem
970 2056 1023 2110 loci
1038 2065 1193 2109 conuentus
1204 2072 1268 2109 cum
1278 2051 1442 2107 omnimoda

175 2140 326 2223 {aihum
339 2142 499 2197 reuerencia
512 2153 539 2197 et
552 2142 726 2197 subiectione
738 2143 896 2197 humillima
908 2143 1012 2214 pedum
1024 2142 1121 2197 oscula
1132 2144 1287 2197 beatorum.

175 2229 259 2322 {felth
268 2241 314 2320 Ὗ
391 2230 576 2285 Altitudiuem
589 2232 702 2301 superni
715 2230 824 2302 consilii
834 2248 891 2301 quo
903 2247 954 2285 uos
966 2230 1098 2285 dominus
1108 2230 1145 2284 ad
1155 2229 1279 2284 dandam
1289 2227 1442 2283 scienciam

174 2291 313 2372 „iiiiii
339 2317 437 2373 salutis
461 2319 536 2389 plebi
561 2317 622 2373 eius
646 2328 675 2373 et
695 2319 776 2389 vicijs
796 2319 971 2390 extirpandis
992 2320 1169 2391 preparando
1192 2318 1308 2372 domino
1329 2316 1442 2386 plebem

174 2382 306 2474 ξὲῗωξῖ,
338 2407 491 2477 perfectam
515 2407 543 2462 in
569 2409 684 2478 specula
708 2426 758 2463 sue
782 2407 928 2479 dignitatis
951 2408 1095 2463 constituit
1116 2417 1282 2463 venerantes
1302 2414 1441 2477 quantum

175 2482 226 2574 ἒξ,
235 2492 307 2583 „3²⁸¹
338 2512 488 2565 possumus
504 2497 613 2564 gracias
630 2496 750 2552 humiles
766 2497 862 2552 diuine
877 2496 1021 2552 referimus
1034 2496 1184 2551 maiestati.
1222 2496 1259 2549 Et
1272 2511 1352 2549 exeo
1364 2491 1442 2563 quod

175 2583 281 2673 reuvalt?
338 2592 431 2638 uestre
454 2583 609 2654 prudencia
630 2584 795 2653 sanctitatis,
818 2585 937 2639 subditis
958 2584 1119 2640 humaniter
1143 2583 1382 2647 condescendens,
1404 2580 1442 2635 ad

175 2644 284 2725 iiiffinie
293 2682 324 2724 ‹te
339 2671 569 2726 refonnacionem
581 2682 609 2727 et
622 2672 805 2727 directionem
818 2681 908 2728 status
919 2672 1084 2727 uniuersalis
1097 2671 1215 2727 ecclesie
1224 2682 1253 2726 et
1262 2680 1334 2725 terre
1344 2678 1442 2724 sancte

339 2758 466 2811 laborare
484 2758 616 2825 decreuit,
634 2769 748 2813 sanctos
765 2758 910 2828 primates,
924 2758 1106 2828 patriarchas,
1118 2758 1356 2828 archiepiscopos,
1369 2756 1442 2826 epis·

175 2835 279 2935 ΜΨ·
308 2847 884 2935 bcopos,etceter0sprelatusuniuersalis
892 2847 1010 2903 ecclesie
1018 2847 1054 2901 ad
1064 2846 1221 2901 Concilium
1229 2844 1443 2915 proeorundem

251 2921 258 2935 ⁸
271 2898 301 2951 Π
339 2935 543 2990 refonnacione
555 2936 654 2991 celitus
666 2936 859 3004 conuocando,
873 2954 928 3008 que
940 2946 1020 2992 tanta
1032 2935 1123 2992 eciam
1136 2932 1344 3005 preeminencia
1356 2934 1442 3003 pollet

340 3022 494 3093 potestatis,
507 3033 535 3078 et
551 3023 721 3079 excellencia
735 3024 830 3094 gracie
847 3025 977 3095 specialis
993 3042 1048 3096 que
1064 3024 1133 3094 ligat
1150 3034 1178 3078 et
1193 3024 1285 3089 soluit,
1297 3020 1402 3078 claudit
1415 3030 1443 3075 et

338 3121 453 3179 reserat,
472 3110 604 3182 deprimit
622 3121 650 3167 et
668 3113 782 3180 solatur,
801 3111 897 3183 sicque
914 3124 1024 3182 gratam
1043 3112 1139 3167 tribuit
1158 3110 1271 3167 cuilibet
1288 3108 1443 3181 postulanti

338 3198 414 3270 quod
428 3197 504 3253 iuxta
515 3199 665 3252 accionum
678 3215 791 3253 suarum
805 3199 914 3267 merita,
927 3198 1147 3269 deuotionisque
1159 3198 1306 3265 feruorem,
1319 3206 1443 3268 reportet

339 3287 503 3354 remedium,
521 3297 550 3342 et
571 3287 601 3343 in
620 3287 677 3342 suis
699 3287 856 3343 defectibus
875 3287 982 3343 senciat
1000 3288 1029 3342 in
1050 3287 1164 3343 fortuna
1184 3288 1323 3342 iuuamen.
1366 3286 1442 3341 Hinc

339 3386 389 3440 est,
408 3384 490 3445 pater
510 3374 696 3442 sanctissime,
715 3377 793 3447 quod
812 3392 876 3430 cum
899 3374 971 3429 inter
991 3375 1114 3446 prelatos
1136 3374 1302 3429 uniuersalis
1324 3374 1443 3429 ecclesie

339 3475 366 3519 et
383 3464 490 3519 clerum
506 3464 662 3519 secundum
678 3474 774 3520 nostre
790 3464 903 3535 pietatis
921 3463 1031 3531 affatus,
1044 3464 1081 3518 ad
1098 3463 1269 3534 prelibatum
1283 3463 1442 3518 Concilium

338 3562 510 3607 conuocatos
522 3553 674 3608 vehemens
691 3553 864 3609 desiderium
880 3568 932 3607 nos
949 3552 1081 3619 concutit,
1095 3552 1228 3619 stimulat,
1242 3562 1269 3607 et
1287 3552 1399 3623 penirit,
1413 3562 1442 3607 vt

339 3642 368 3696 in
380 3651 473 3696 uestre
482 3640 607 3712 piissime
617 3641 824 3697 dominacionis
833 3652 986 3713 conspectu
997 3642 1073 3698 iuxta
1081 3642 1169 3698 uestri
1180 3642 1305 3696 mandati
1317 3652 1443 3698 tenorem

338 3746 486 3800 possemus
498 3744 668 3800 comparere.

392 3817 450 3871 Sed
462 3817 583 3872 aduersa
594 3816 719 3887 corporis
731 3817 786 3871 mei
801 3817 904 3872 Prioris
917 3818 1050 3885 ualitudo,
1063 3828 1091 3874 et
1105 3818 1265 3889 inpotencia
1277 3819 1441 3875 facultatum

339 3905 426 3959 nostri
439 3904 676 3975 monasterij,non
688 3906 853 3976 permittunt
866 3923 912 3961 me
925 3906 1050 3961 Priorem
1064 3923 1114 3976 pro
1126 3922 1173 3961 me
1185 3917 1212 3961 et
1225 3918 1366 3963 conuentu
1379 3924 1443 3963 meo

339 3992 524 4063 personaliter
535 3992 564 4047 in
581 4003 674 4047 uestre
691 3992 848 4049 maiestatis
860 3994 1008 4064 presencia
1021 4010 1191 4064 comparere,
1205 4012 1257 4049 nec
1274 4006 1443 4067 conceptum

341 4080 511 4136 desiderium
535 4080 698 4151 adimplere.
740 4080 836 4149 Quare
858 4082 1016 4136 sanctitatis
1041 4092 1133 4137 uestre
1155 4083 1274 4154 pedibus
1295 4085 1443 4155 prouoluti,

339 4167 530 4237 supplicamus
542 4166 685 4221 humiliter
697 4176 725 4221 et
737 4166 848 4233 deuote,
862 4167 995 4237 quatinus
1008 4179 1102 4223 uestre
1114 4170 1229 4240 pietatis
1242 4172 1378 4226 serenitas
1391 4188 1443 4227 nos

339 4266 398 4310 tam
415 4254 581 4323 necessariis
598 4256 691 4309 causis
708 4256 870 4325 prepeditus
888 4266 1036 4311 excusatos
1053 4258 1119 4313 uelit
1135 4258 1247 4325 habere,
1261 4270 1444 4331 nostrumque

337 4356 555 4416 procuratorem,
575 4345 742 4415 magistrum
765 4344 920 4399 Ricardum
943 4345 979 4400 de
999 4345 1141 4415 Nedham,
1161 4347 1190 4401 in
1209 4346 1313 4401 nostris
1331 4364 1445 4403 excusa-
