3192 5067
143 342 201 441 ιν]
412 346 521 419 about
547 346 587 419 S.
616 344 821 419 Edward's
845 304 1002 419 churclr
1177 372 1247 441 213

142 533 299 617 parochia
320 534 383 598 sibi
407 534 615 598 mansionem
639 544 836 617 perpetuam
860 533 1032 617 elegerunt
1055 534 1116 599 fuit
1137 556 1247 599 coram
1262 548 1393 641 nespas

143 638 238 701 nobis
253 635 386 702 officiali
403 637 553 721 predicto
568 638 778 702 concorditer
792 639 993 703 ordinatum.
1039 639 1140 723 Quod
1158 639 1248 704 vide·
1263 604 1320 705 5¹30:
1339 612 1356 641 ⁰

142 740 220 805 licet
257 742 290 805 in
329 742 676 826 recompensacionem
718 743 943 827 dampnorum
985 766 1051 828 que
1091 746 1249 830 predictis

143 847 327 912 rectoribus
342 857 376 911 et
391 847 514 912 vicario
529 858 690 912 eteorum
703 849 949 914 successoribus
961 850 1250 936 suturistempori·

143 951 206 1015 bus
229 952 385 1017 euenient
411 974 473 1037 pro
499 952 655 1018 domibus
685 962 720 1018 et
749 954 823 1019 solo
848 975 907 1037 per
936 954 1103 1039 predictos
1134 956 1250 1021 fratres

144 1056 323 1121 heremitas
346 1056 379 1121 in
403 1058 588 1141 presencia¹
612 1058 747 1124 inclusis
770 1066 804 1123 et
828 1058 1024 1125 inhabitatis
1047 1058 1132 1125 inira
1154 1081 1249 1145 paro-

144 1161 253 1226 chiam
274 1162 389 1228 Sancti
410 1163 568 1227 Edwardi
584 1162 617 1227 in
633 1164 755 1246 quibus
771 1163 963 1248 parochiani
980 1173 1080 1230 antea
1100 1165 1251 1231 habitare

144 1266 297 1332 solebant
312 1288 352 1331 ac
367 1268 477 1332 eidem
493 1269 632 1333 ecclesie
646 1269 840 1333 oblaciones
855 1279 889 1332 et
901 1269 1049 1333 decimas
1060 1271 1252 1353 personales

144 1372 275 1436 soluere
297 1383 330 1436 et
355 1373 468 1451 reales,
490 1394 510 1436 a
533 1374 655 1456 quibus
677 1373 834 1437 omnibus
856 1372 972 1437 fratres
995 1374 1156 1439 heremite
1178 1396 1251 1459 pre·

144 1476 226 1541 dicti
247 1496 282 1539 se
303 1485 456 1539 asserunt
479 1495 539 1557 per
562 1476 775 1559 priuilegium
802 1476 891 1540 sedis
912 1478 1095 1559 apostolice
1118 1499 1251 1563 prorsus

145 1581 320 1658 immunes,
346 1580 479 1644 soluent
505 1580 646 1662 predicti
676 1582 769 1644 Prior
793 1580 856 1664 [et]
884 1580 1001 1645 fratres
1027 1581 1189 1647 heremite
1218 1594 1252 1648 et

144 1706 260 1749 eorum
276 1704 481 1749 successores
493 1685 630 1767 prelatis
644 1686 746 1750 Priori
758 1696 793 1750 et
804 1686 985 1750 conuentui
996 1687 1038 1751 de
1051 1687 1253 1753 Bernewelle

145 1799 309 1854 eteorum
326 1789 448 1853 vicario
464 1790 601 1854 ecclesie
618 1788 734 1855 Sancti
751 1789 932 1854 Eadwardi
947 1792 1088 1874 singulis
1104 1794 1199 1857 annis
1219 1796 1251 1858 in

144 1903 341 1977 perpetuum
357 1903 501 1977 quatuor
515 1894 640 1957 solidos
655 1893 698 1957 ad
714 1894 799 1958 duos
815 1896 977 1959 terminos
992 1896 1080 1973 anni,
1095 1896 1253 1962 videlicet

145 1998 200 2061 die
231 1998 428 2062 Natiuitatis
458 1997 586 2061 domini
615 1998 701 2061 duos
737 1997 862 2062 solidos
893 2000 926 2061 in
962 2000 1101 2064 ecclesia
1137 2000 1252 2066 Sancti

146 2101 336 2179 Eadwardi,
359 2111 394 2165 et
416 2104 472 2167 die
496 2102 623 2166 Pasche
645 2103 731 2166 duos
755 2103 881 2167 solidos
909 2102 970 2188 [in]
994 2104 1068 2168 loco
1095 2106 1253 2189 predicto.

148 2204 194 2270 Et
209 2205 236 2269 si
253 2206 286 2269 in
302 2207 454 2288 predicta
469 2205 640 2270 solucione
655 2206 753 2270 dictis
769 2208 824 2271 die
839 2217 873 2271 et
888 2206 963 2271 loco
979 2208 1254 2293 qualitercunque

147 2311 350 2374 cessauerint
372 2310 490 2375 volunt
514 2320 548 2374 et
572 2320 693 2394 sponte
719 2312 908 2374 concedunt
933 2311 1073 2395 predicti
1101 2314 1193 2377 Prior
1219 2324 1253 2378 et

148 2416 265 2480 iratres
280 2416 441 2480 heremite
459 2416 550 2499 quod
568 2416 724 2499 Elyensis
745 2418 922 2499 episcopus
943 2418 1000 2500 qui
1022 2438 1082 2501 pro
1103 2429 1253 2501 tempore

148 2520 246 2585 suerit
261 2532 295 2585 et
309 2542 389 2585 suus
404 2520 555 2584 officialis
571 2521 624 2585 uel
640 2541 754 2585 eorum
771 2521 855 2585 alter
867 2541 923 2585 eos
936 2522 1042 2604 possit
1054 2522 1254 2605 compellere

147 2647 207 2709 per
227 2627 590 2691 excommunicacionis
609 2627 815 2691 sentenciam
837 2628 880 2691 de
903 2626 1004 2710 plano
1027 2637 1061 2690 et
1083 2628 1154 2691 sine
1176 2628 1254 2691 iuris

147 2733 396 2816 sollempnitate
408 2733 441 2795 in
454 2732 518 2796 loci
532 2733 678 2797 Priorem
691 2742 725 2796 et
737 2742 985 2816 procuratorem
997 2731 1089 2796 nullo
1098 2733 1254 2796 obstante

148 2837 323 2921 priuilegio
345 2839 392 2901 eis
411 2837 553 2901 valituro
575 2836 755 2913 serendam,
776 2836 883 2900 donec
907 2838 949 2902 de
974 2836 1130 2919 predictis
1153 2858 1253 2901 censu

147 2952 182 3007 et
217 2942 374 3025 dampnis
410 2941 655 3005 racionabiliter
688 2942 899 3005 declarandis
932 2942 1082 3005 eiusdem
1117 2941 1255 3006 ecclesie

149 3048 264 3114 Sancti
296 3047 473 3111 Eadwardi
505 3047 687 3111 rectoribus
717 3057 752 3111 et
782 3048 906 3111 vicario
932 3046 1138 3111 satisfaciant
1165 3068 1255 3111 com-

148 3162 308 3236 petenter.
354 3152 399 3215 Et
415 3152 443 3215 si
459 3150 578 3235 prelati
595 3151 712 3216 iratres
727 3151 889 3216 heremite
909 3151 1027 3215 suturis
1048 3152 1255 3235 temporibus

148 3258 395 3323 habitacionem
411 3276 507 3319 suam
524 3257 708 3340 predictam
725 3255 758 3318 in
775 3255 848 3319 solo
865 3254 949 3319 inira
965 3254 1086 3319 limites
1104 3254 1254 3319 eiusdem

148 3362 304 3447 parochie
328 3362 444 3429 Sancti
468 3362 645 3426 Eadwardi
670 3361 921 3445 ampliauerint¹
942 3360 1088 3444 prelatos
1112 3370 1255 3425 rectores

148 3481 182 3533 et
197 3469 356 3533 vicarium
372 3488 434 3551 pro
449 3467 638 3550 quantitate
650 3467 881 3550 ampliacionis
893 3465 1083 3530 huiusmodi
1097 3466 1129 3530 in
1142 3488 1254 3531 annuo

148 3595 249 3639 censu
265 3594 326 3657 pro
341 3572 497 3655 dampnis
513 3573 581 3634 suis
602 3572 778 3655 respicient
798 3571 896 3635 etad
917 3571 980 3635 hoc
1001 3592 1037 3635 se
1058 3571 1254 3654 obligabunt

147 3678 211 3742 sub
234 3699 322 3760 pena
343 3686 377 3741 et
400 3676 507 3740 sorma
531 3675 689 3759 predictis
711 3677 814 3740 saluis
838 3677 886 3741 eis
911 3677 979 3739 suis
1010 3676 1193 3759 priuilegijs
1220 3677 1253 3740 in

148 3782 305 3846 omnibus
325 3783 409 3865 alijs,
429 3782 494 3863 hijs
515 3783 697 3846 dumtaxat
717 3782 871 3865 exceptis
894 3802 959 3865 que
983 3784 1196 3846 continentur
1220 3782 1252 3846 in

147 3887 395 3970 composicione
432 3886 578 3970 presenti
617 3906 717 3968 super
752 3887 826 3950 solo
864 3886 980 3949 habito
1019 3896 1052 3950 et
1089 3887 1252 3951 habendo.

150 3993 317 4059 Conuenit
337 3994 443 4056 eciam
464 3993 555 4075 quod
580 3991 720 4075 predicti
744 3991 860 4055 iratres
881 3990 1042 4055 heremite
1062 3990 1189 4055 nullum
1211 3991 1283 4057 des.
1299 4004 1348 4057 urb

148 4097 358 4182 parochianis
395 4097 511 4163 Sancti
542 4096 721 4161 Eadwardi
757 4098 918 4181 recipient
953 4098 995 4161 ad
1029 4097 1253 4161 ecclesiastica

148 4212 356 4268 sacramenta
378 4212 412 4267 et
434 4222 549 4266 eorum
572 4202 737 4267 seculares
759 4204 941 4267 seruientes
964 4205 1006 4268 ad
1030 4202 1197 4286 stipendia
1219 4204 1252 4268 in

261 4410 270 4442 ¹
287 4413 480 4477 presenciarum,
494 4412 551 4463 MS.
809 4410 821 4442 ²
836 4410 1037 4479 amplicauerint,
1051 4411 1110 4463 MS.
