3192 5067
718 335 756 408 T
748 336 794 408 he
821 336 980 411 Sevcnth
1007 337 1111 412 Book

495 520 670 591 Botuisbtige
909 526 991 580 Botui
1012 526 1031 579 h
1053 525 1157 596 Bridge

493 592 670 648 Wodestone
908 596 943 649 W
1003 607 1086 653 stone

492 662 619 719 Seiitone
906 667 1010 723 Stilton

492 733 657 804 stangrund
906 740 1107 808 standground

494 805 674 862 Faresbeued
908 810 1008 865 Farcet

492 876 601 946 Jakelle
905 880 1014 951 Yaxley

493 947 618 1005 Hadone
907 950 1035 1007 Haddon

492 1018 649 1075 Morbume
907 1023 1045 1077 Morborn

492 1089 679 1147 Folkeswitbe
905 1093 1100 1149 Folkeswortit

490 1159 669 1230 Wassingeie
810 1208 825 1249 ό
903 1163 1090 1235 WashingIey

490 1230 663 1301 Adlingtoue
904 1234 1050 1304 Eiiington

488 1302 642 1358 Caidecote
902 1305 1057 1361 Caldecote

490 1374 624 1428 Dentone
903 1377 1018 1431 Denton

489 1446 591 1499 Sautre
902 1448 1028 1515 Sawtrey

488 1513 629 1569 Conitone
902 1517 1014 1572 Connin
1048 1536 1086 1573 on

487 1585 621 1641 Waltone
901 1588 996 1642 Wood
1055 1589 1132 1644 alten

487 1654 626 1711 Ciactone
903 1658 1021 1714 Glatton
1040 1658 1106 1715 with
1128 1660 1233 1717 Holme

503 1841 529 1892 4.
565 1828 742 1882 Hundredus
759 1828 793 1883 de
811 1829 1036 1900 Hyrstlinglone.
1074 1832 1285 1903 Hirstingtone.

486 1940 595 2009 Magna
613 1940 737 1997 Stiuecle
900 1944 987 1997 Great
1008 1942 1142 2014 Stukeley

696 2123 743 2175 De
761 2119 823 2175 visu
842 2119 932 2175 franci
953 2119 1047 2191 plegii.

696 2193 742 2246 De
759 2190 865 2247 auxilio
882 2190 1066 2247 vicecomitis.

563 2380 766 2447 Iuciuwuc
788 2396 918 2447 cirum
943 2394 1091 2445 usumin
1116 2394 1225 2445 cinni.

396 2502 430 2555 iu
443 2502 515 2556 libro
530 2501 652 2572 septimo
668 2502 760 2573 agitur
776 2502 812 2557 de
829 2501 994 2569 redditibus,
1006 2500 1176 2567 tenentibus,
1190 2500 1302 2555 villanis
1314 2510 1449 2556 eteorum
1583 2570 1584 2573 Ἰ

341 2570 593 2628 consuetudinibus
605 2572 809 2644 pertinentibus
825 2573 862 2628 ad
880 2573 1027 2629 ecclesiam
1047 2574 1082 2629 de
1103 2572 1275 2627 Barnewelle
1285 2591 1292 2637 ;
1312 2582 1340 2627 et
1359 2571 1450 2642 primo

341 2642 379 2697 de
396 2642 553 2698 redditibus
571 2646 600 2698 in
619 2644 685 2700 vilia
704 2642 892 2714 Cantebrigie.

362 2729 383 2768 1.
422 2715 467 2769 De
479 2714 635 2769 redditibus
647 2716 720 2770 uitra
731 2725 855 2785 pontem.
1101 2768 1112 2779 ,

358 2800 382 2839 2.
420 2786 466 2840 De
478 2786 634 2840 redditibus
647 2785 674 2840 in
687 2786 822 2856 parochia
836 2786 932 2840 Sancti
947 2786 1108 2840 Clementis.

358 2872 382 2924 5
420 2855 465 2911 De
478 2856 634 2911 redditibus
648 2856 676 2910 in
689 2856 824 2927 parocbia
837 2857 933 2910 Sancti
949 2855 1102 2927 Sepulchri.

357 2942 382 2993 4.
421 2928 466 2982 De
478 2927 635 2983 redditibus
647 2928 676 2981 in
689 2926 824 2997 parochia
837 2930 941 2982 Sancte
954 2926 1108 2983 Trinitatis.

256 3018 328 3083 s...
356 3010 382 3122 ἑ·
418 2998 1064 3141 inditiis:trutinantur*

357 3151 381 3204 7.
419 3141 465 3195 De
476 3140 633 3195 redditibus
646 3140 674 3195 in
687 3140 823 3210 parocbia
835 3139 962 3195 omnium
977 3149 1138 3193 sanctorum
1153 3140 1229 3193 iuxta
1242 3139 1388 3210 hospitate.

355 3211 381 3264 8.
419 3209 464 3265 De
476 3211 633 3266 redditibus
645 3212 674 3265 in
687 3212 823 3282 parocbia
835 3211 933 3267 Sancti
948 3210 1101 3265 Benedicti.

354 3296 379 3349 ᾳ
418 3283 464 3335 De
476 3281 633 3337 redditibus
645 3282 674 3335 in
687 3282 822 3353 parochia
836 3282 932 3337 Sancti
948 3282 1089 3351 Botuipbi.

340 3368 379 3407 ια
418 3353 463 3406 De
475 3352 631 3409 redditibus
644 3352 673 3407 iu
685 3352 821 3423 parochia
832 3352 929 3408 Sancti
945 3353 1018 3407 Petri
1029 3362 1107 3407 extra
1120 3352 1307 3423 Trumpitoue
1320 3354 1409 3408 Gatis.

340 3440 379 3477 ιι.
418 3423 462 3478 De
474 3423 632 3480 redditibus
643 3425 673 3478 iu
685 3423 821 3495 parocbia
835 3421 931 3479 Sancti
944 3422 1083 3494 Johannis
1096 3422 1125 3477 in
1141 3424 1326 3478 Miinestrate.

340 3510 378 3549 12.
417 3494 560 3550 Delibere
573 3495 733 3550 tenentibus
746 3495 774 3550 in
789 3494 937 3550 Mordone.

339 3580 378 3635 ῃ
418 3567 491 3621 item
503 3565 540 3621 de
552 3564 821 3621 consuetudinariis¹
834 3566 863 3619 in
878 3566 1017 3620 Mordone
1030 3565 1065 3619 de
1078 3564 1162 3619 feodo
1176 3564 1282 3635 Pagani
1298 3566 1420 3621 Peuerei.

339 3652 378 3703 14
417 3638 490 3692 item
501 3636 538 3691 de
551 3634 820 3692 consuetudinariis¹
833 3637 862 3692 in
877 3637 1017 3691 Mordone
1029 3636 1066 3691 de
1078 3636 1161 3691 feodo
1174 3636 1248 3691 Petri
1262 3635 1297 3691 de
1312 3637 1413 3692 Beche.

338 3723 348 3762 t
354 3722 377 3777 ς.
416 3709 489 3763 Item
501 3708 537 3763 de
550 3708 694 3764 Odesethe
705 3718 734 3763 et
745 3707 782 3762 de
794 3706 907 3761 vicaria.

338 3779 378 3834 16.
416 3780 462 3834 De
474 3779 636 3835 tenentibus
646 3777 749 3834 Prioris
762 3778 798 3833 de
813 3779 984 3833 Barneweile
998 3777 1027 3831 in
1041 3776 1182 3844 Pinecote,
1195 3787 1224 3833 et
1236 3778 1416 3833 Tbadeiowe.

338 3864 378 3918 17.
416 3852 462 3907 De
485 3850 573 3906 libere
596 3848 758 3905 tenentibus
783 3847 888 3903 Prioris
912 3848 942 3902 in
965 3850 1087 3916 Brunue,
1113 3860 1141 3903 et
1165 3849 1201 3904 de
1223 3848 1334 3903 villanis
1356 3860 1384 3906 et
1408 3850 1445 3906 de

476 3938 573 3977 eorum
591 3918 867 3975 consuetudinibus¹.

338 3995 378 4049 18.
416 3994 461 4047 De
472 3991 633 4074 tenentibus
646 3988 750 4073 Prioris
761 3989 792 4073 in
805 3990 871 4045 villa
883 3989 919 4045 de
933 3989 1100 4073 Caldecote3
1156 4060 1163 4071 ¹
1310 4062 1315 4073 Ι
1379 4062 1384 4073 Ι

337 4081 378 4135 19
416 4065 462 4118 De
474 4064 633 4145 tenentibus
647 4062 752 4144 Pnorts
763 4077 793 4115 tn
805 4061 998 4145 §unibeuqne
1011 4070 1070 4145 tnrn
1084 4061 1179 4117 liberis
1191 4078 1276 4131 quam
1290 4062 1409 4117 villanis.

334 4150 377 4263 {i
415 4132 1244 4276 PtgtdldeeoeretddietldudeuriidisitldlssdisdliiiiriiidtitnGliziridldetim]
1256 4204 1292 4259 de
1306 4205 1443 4262 Londone

472 4275 501 4332 in
519 4275 586 4332 vilia
603 4276 640 4332 de
659 4277 789 4333 Bertone

706 4396 715 4427 ¹
732 4396 991 4456 consuetudinaribus,
1011 4396 1067 4447 MS.
