3192 5067
341 342 409 410 116
584 336 661 409 The
686 337 782 411 land
802 338 851 435 os
874 337 1031 411 Thomas
1067 338 1196 435 Tuylet
1320 336 1440 437 [soon

335 521 485 586 Thomas
505 544 589 587 auus
610 524 750 606 predicti
772 524 911 588 Roberti
934 524 1018 607 obijt
1042 525 1187 607 saysitus
1208 533 1269 589 etc.
1290 525 1333 588 de
1355 522 1392 586 L.
1408 530 1441 584 et

336 636 414 690 octo
434 626 518 690 acris
538 636 624 691 terre
644 648 721 691 cum
742 628 956 711 pertinencijs
978 629 1010 692 in
1033 629 1248 713 Cantebrigia
1263 636 1323 692 etc
1345 636 1379 690 et
1399 625 1442 688 de

338 738 416 795 octo
445 731 528 795 acris
557 739 643 795 terre
673 752 748 796 cum
780 732 993 816 pertinencijs
1025 735 1057 797 in
1088 734 1214 798 eisdem
1246 733 1331 797 villis
1357 730 1442 794 sicut

262 844 324 910 ης
338 836 507 919 predictus
538 836 705 901 Robertus
735 837 818 901 dicit
847 836 899 901 vel
930 838 957 900 si
989 838 1078 901 idem
1114 836 1263 901 Thomas
1293 832 1442 899 seoffauit

338 940 525 1023 predictum
553 941 700 1005 Priorem
731 941 774 1005 de
802 940 926 1005 eisdem
955 942 1156 1005 tenementis
1182 950 1216 1004 et
1243 940 1351 1022 ipsum
1383 956 1442 1019 per

337 1044 474 1127 longum
491 1054 625 1128 tempus
647 1056 726 1110 ante
747 1055 889 1109 mortem
913 1067 1007 1110 suam
1029 1045 1071 1109 de
1095 1046 1219 1110 eisdem
1243 1040 1442 1108 tenementis

338 1148 370 1213 in
387 1149 571 1231 plenariam
587 1171 768 1232 saysynam
786 1151 899 1233 posuit
914 1152 1000 1215 sicut
1016 1151 1185 1233 predictus
1201 1149 1294 1212 Prior
1309 1148 1397 1211 dicit

173 1280 243 1333 ruer
403 1255 449 1318 Et
472 1254 539 1337 xij.
560 1256 602 1319 de
620 1276 785 1320 consensu
809 1256 956 1339 parcium
981 1256 1078 1320 eiecti
1101 1274 1264 1319 unacum
1285 1252 1442 1335 predictis

173 1331 283 1423 idida
304 1336 315 1372 τ
336 1359 478 1423 testibus
493 1368 655 1422 venerunt
675 1368 709 1421 et
729 1358 845 1422 dicunt
862 1378 961 1441 super
976 1368 1221 1424 sacramentum
1238 1376 1335 1420 suum
1351 1356 1441 1439 quod

171 1431 323 1524 ιτιιῖγέῗέἶῗ
336 1457 505 1541 predictus
529 1458 678 1523 Thomas
700 1480 783 1522 auus
807 1459 946 1541 predicti
972 1459 1111 1523 Roberti
1132 1458 1216 1540 obijt
1236 1457 1380 1539 saysitus
1400 1456 1442 1519 de

172 1531 274 1632 iiiii?
337 1560 400 1625 iilis
421 1571 499 1625 octo
519 1563 604 1627 acris
624 1571 710 1627 terre
731 1584 796 1647 que
818 1562 950 1627 fuerunt
971 1563 1013 1626 de
1034 1561 1133 1627 feodo
1154 1562 1281 1625 domini
1304 1559 1442 1624 Roberti

336 1666 379 1729 de
401 1666 538 1731 Mortuo
559 1666 661 1732 Mari¹
684 1676 719 1731 et
741 1688 808 1732 non
832 1669 874 1731 de
897 1667 972 1732 alio.
1017 1667 1101 1731 Ideo
1123 1666 1368 1730 consideratum
1392 1672 1443 1727 est

335 1770 426 1853 quod
443 1781 614 1853 recuperet
634 1771 713 1835 inde
733 1792 915 1855 saysynam
937 1790 1041 1847 suam,
1057 1780 1091 1834 et
1112 1770 1280 1853 predictus
1296 1769 1389 1832 Prior
1408 1768 1441 1831 in

337 1874 570 1938 misericordia.

172 1996 282 2039 surmus
403 1976 529 2041 Dicunt
544 1978 650 2043 eciam
663 1978 752 2061 quod
770 1978 937 2062 predictus
950 1977 1099 2041 Thomas
1116 1997 1181 2041 non
1199 1974 1283 2058 obijt
1298 1976 1442 2057 saysitus

172 2046 214 2089 the
223 2059 262 2088 re-

173 2097 288 2190 mma
337 2080 370 2143 in
392 2080 561 2146 dominico
582 2090 642 2146 etc.
663 2083 706 2146 de
728 2083 886 2164 predictis
903 2082 1091 2164 mesuagijs‚
1106 2090 1139 2145 et
1155 2080 1242 2162 iviij.
1259 2081 1342 2144 acris
1357 2090 1442 2143 terre

171 2198 294 2290 wipped
336 2204 413 2248 cum
434 2185 655 2267 pertinenciis,
671 2187 750 2269 quia
770 2182 939 2268 predictus
960 2186 1051 2249 Prior
1073 2207 1132 2269 per
1151 2185 1287 2267 longum
1310 2193 1443 2266 tempus

173 2298 250 2340 ffior·
337 2287 399 2352 suit
429 2287 507 2351 inde
537 2290 682 2370 saysitus
712 2299 791 2353 ante
822 2299 963 2354 mortem
991 2290 1132 2373 predicti
1159 2289 1299 2363 Thome‚
1325 2296 1360 2351 et
1386 2307 1444 2369 per

336 2391 576 2455 seofamentum
588 2391 737 2456 eiusdem
750 2393 889 2457 Thome.
929 2394 1012 2457 Ideo
1027 2394 1273 2457 consideratum
1290 2401 1340 2455 est
1352 2390 1442 2474 quod

336 2495 505 2579 predictus
529 2495 697 2560 Robertus
722 2497 840 2560 nichil'
860 2498 971 2579 capiat
995 2518 1053 2580 per
1075 2497 1176 2561 breue
1200 2494 1287 2561 istud
1315 2495 1373 2558 sed
1400 2494 1443 2558 sit

336 2601 370 2665 in
392 2599 617 2665 misericordia
638 2622 699 2683 pro
722 2599 806 2665 falso
827 2602 980 2679 clamore,
1003 2612 1037 2666 et
1060 2602 1229 2684 predictus
1253 2600 1344 2665 Prior
1365 2599 1443 2663 inde

337 2705 408 2769 sine
432 2704 495 2769 die.

446 2968 496 3034 27.
541 2952 707 3016 Placitum
729 2954 769 3017 de
790 2953 927 3018 Roberto
940 2954 1017 3037 filio
1039 2953 1174 3018 Roberti
1194 2952 1329 3017 Hubert.

172 3166 309 3210 mecm„
402 3130 571 3193 Robertus
587 3127 673 3192 filius
690 3129 829 3194 Roberti
853 3130 987 3195 Hubert
1007 3131 1092 3213 petit
1108 3151 1221 3194 versus
1238 3130 1384 3193 Priorem
1400 3131 1443 3195 de

171 3217 308 3321 {2222}
337 3228 540 3295 Bemewelle
549 3230 577 3293 .l.
587 3229 652 3293 viii.
665 3249 757 3293 acras
769 3239 855 3294 terre
865 3251 941 3296 cum
954 3232 1166 3314 pertinenciis
1177 3230 1209 3293 in
1221 3230 1444 3313 Cantebrigia,

172 3317 322 3419 ihss223⁸⁸
337 3334 548 3411 Berneweile,
561 3333 777 3407 Newenham‚
789 3344 826 3397 ut
844 3337 892 3397 ius
908 3356 1005 3399 suum
1022 3344 1082 3398 etc.
1099 3334 1278 3417 dequibus
1294 3335 1443 3399 Thomas

336 3434 461 3516 Tuylet
483 3455 567 3497 auus
590 3432 730 3515 predicti
753 3433 891 3497 Roberti
913 3434 975 3498 fuit
998 3436 1142 3517 saysitus
1163 3436 1195 3497 in
1218 3435 1386 3498 dominico
1408 3446 1443 3499 ut

335 3536 379 3599 de
408 3534 508 3599 feodo
534 3535 589 3598 die
615 3554 683 3616 quo
709 3532 794 3614 obijt
821 3542 881 3596 etc.
905 3542 939 3597 et
962 3533 1049 3597 vnde
1076 3535 1245 3617 predictus
1277 3535 1443 3599 Robertus

336 3639 417 3702 dicit
442 3637 534 3722 quod
561 3635 731 3720 predictus
754 3636 904 3700 Thomas
927 3637 1052 3720 Tuylet
1077 3638 1138 3701 fuit
1162 3649 1316 3719 saysytus
1340 3647 1377 3702 ut
1400 3640 1444 3703 de

336 3740 435 3805 feodo
461 3752 613 3825 tempore
639 3741 766 3806 domini
792 3742 878 3825 regis
905 3744 961 3826 qui
988 3764 1076 3807 nunc
1102 3752 1153 3807 est
1179 3742 1342 3824 capiendo
1365 3744 1444 3809 inde

335 3844 485 3927 expietia
499 3857 560 3910 etc
600 3846 645 3909 Et
660 3848 703 3909 de
720 3846 792 3929 ipso
809 3847 941 3910 Thoma
956 3848 1129 3911 descendit
1144 3846 1279 3910 feodum
1297 3847 1443 3929 predicte

335 3958 422 4013 terre
438 3949 570 4014 cuidam
592 3948 745 4013 Galsrido
761 3960 798 4014 ut
814 3948 883 4014 filio
898 3960 932 4013 et
947 3950 1071 4026 heredi,
1087 3960 1120 4013 et
1136 3950 1179 4013 de
1194 3950 1267 4033 ipso
1284 3950 1443 4029 Galsrido,

336 4054 416 4138 quia
431 4053 517 4136 obijt
531 4055 604 4119 sine
619 4054 796 4119 heredibus
811 4055 855 4118 de
870 4075 915 4128 se,
930 4056 1064 4118 cuidam
1081 4054 1281 4119 Alexandro
1297 4067 1334 4119 ut
1350 4056 1440 4120 fratri

336 4170 370 4223 et
386 4158 509 4235 heredi,
523 4168 558 4222 et
573 4158 615 4222 de
632 4159 705 4242 ipso
721 4158 921 4223 Alexandro
937 4158 1070 4220 cuidam
1087 4157 1219 4222 Amicie
1234 4170 1271 4222 vt
1285 4160 1388 4223 sorori
1409 4172 1443 4225 et

336 4262 458 4339 heredi,
488 4271 522 4325 et
557 4262 600 4325 de
637 4264 709 4345 ipsa
740 4262 874 4326 Amicia
909 4260 963 4324 isti
999 4260 1148 4325 Roberto
1182 4262 1239 4344 qui
1274 4283 1361 4327 nunc
1392 4274 1443 4329 est

569 4382 579 4415 ¹
596 4384 668 4442 mori,
682 4384 741 4435 Ms.
906 4381 917 4415 ¹
933 4383 1044 4435 redditus
1055 4384 1141 4444 nichil,
1155 4384 1213 4437 MS.
