3192 5067
335 313 402 399 176
522 306 651 381 Deatlr
676 307 759 380 and
779 307 901 405 legacy
926 307 973 404 of
991 306 1077 381 Eva
1104 309 1223 383 Peche
1315 309 1435 409 [soon

162 488 232 582 gg
240 489 296 583 2¹32,
327 491 495 566 vicarium,
510 502 544 554 et
560 492 605 555 ibi
622 492 716 555 stetit
731 512 791 574 per
806 492 993 556 triennium.
1040 493 1108 559 Sed
1124 494 1206 558 deus
1224 496 1436 579 omnipotens

162 602 298 684 filistim.
327 594 444 659 uolens
460 594 559 661 finem
577 597 748 679 imponere
764 596 822 672 liti,
839 617 883 660 ex
906 597 1079 679 inopinato
1100 598 1178 662 iecit
1200 599 1381 664 uindictam
1402 600 1432 663 in

326 700 485 764 vicarium
497 701 603 764 sancti
617 700 730 784 Egidij
744 721 881 784 grauem
895 701 1132 765 aduersarium.
1167 702 1330 768 Percussit
1345 706 1433 767 enirn

325 825 402 869 eum
419 804 576 869 dominus
591 806 738 888 quadam
755 806 949 871 infirmitate
964 808 1146 882 incurabili,
1163 808 1196 871 id
1213 818 1264 873 est
1275 808 1433 891 ydropisi,

326 903 369 967 de
391 924 458 986 qua
481 915 631 969 mortuus
653 915 712 969 est.
758 905 827 971 Sed
851 908 1011 983 canonici,
1035 909 1177 973 scientes
1201 908 1309 991 ipsum
1340 908 1434 991 expi-

327 1028 425 1083 rasse,
445 1029 512 1072 non
529 1010 750 1091 permiserunt
771 1032 891 1095 corpus
907 1014 977 1075 eius
993 1014 1115 1077 intrare
1131 1013 1164 1075 in
1180 1012 1353 1077 ecclesiam
1374 1032 1434 1076 nec

328 1112 463 1176 missam
477 1133 538 1195 pro
547 1134 588 1177 eo
599 1113 767 1190 celebrari,
778 1126 964 1181 asserentes
976 1118 1085 1200 ipsum
1095 1118 1433 1181 excommunicatum.

328 1214 418 1299 Quid
440 1216 558 1299 plura?
581 1218 789 1283 Executores
811 1220 881 1283 eius
901 1220 1038 1284 tandem
1060 1219 1207 1285 lecerunt
1223 1241 1340 1303 pacem
1356 1240 1433 1283 cum

325 1322 495 1386 canonicis
531 1324 621 1406 ipsis,
650 1333 684 1388 et
718 1334 798 1387 tunc
835 1325 970 1389 demum
1008 1346 1093 1390 vnus
1127 1327 1307 1389 canonicus
1337 1335 1433 1389 extra

326 1427 470 1492 hostium
503 1429 640 1493 ecclesie
669 1430 815 1494 absoluit
845 1451 964 1513 corpus
995 1441 1173 1507 mortuum,
1203 1442 1237 1495 et
1267 1431 1434 1495 celebrata

325 1535 427 1597 missa
448 1536 556 1616 ipsum
580 1534 734 1617 sepeliuit
755 1537 788 1598 in
810 1536 973 1601 cimiterio
994 1536 1138 1600 ecclesie
1185 1536 1282 1600 Tunc
1297 1535 1432 1619 quidem

324 1648 521 1702 executores
557 1638 723 1703 dederunt
757 1640 1019 1704 Priori.c.0ues
1056 1650 1090 1705 et
1128 1640 1325 1724 palefridum
1362 1642 1433 1705 eius

325 1744 425 1826 precii
439 1764 476 1807 .v
488 1793 495 1807 .
509 1763 695 1807 marcarum
711 1754 745 1807 et
767 1745 902 1828 insuper
914 1794 921 1809 .
933 1766 971 1809 v.
984 1764 1112 1809 marcas
1128 1747 1265 1829 argenti.
1312 1747 1433 1809 Postea

325 1846 457 1929 Gwydo
471 1845 514 1910 de
530 1846 713 1912 Crawdene
728 1848 886 1911 successit
900 1848 1009 1911 eidem
1030 1846 1122 1912 Luce
1145 1849 1189 1913 ad
1209 1850 1366 1914 vicariam
1389 1850 1433 1912 de

326 1950 499 2026 Mordone,
514 1952 570 2035 qui
587 1952 679 2034 prius
695 1950 758 2015 suit
772 1952 915 2016 vicarius
930 1953 973 2017 de
988 1953 1200 2019 Thadelowe.

495 2152 563 2215 108.
607 2150 773 2215 Placitum
794 2150 835 2214 de
856 2159 1042 2215 testamento
1064 2150 1138 2215 Eue
1158 2152 1265 2215 Peche.

160 2304 256 2396 gimn
391 2287 502 2350 Mater
516 2287 643 2351 domini
656 2285 828 2370 G[ilberti]
841 2287 948 2351 Peche
964 2288 1095 2371 patroni
1109 2288 1221 2365 nostri,
1234 2287 1309 2351 Eua
1322 2288 1432 2352 Peche

161 2403 265 2496 mg?
325 2390 468 2467 nomine,
483 2390 603 2454 nobilis
623 2400 658 2454 et
678 2391 768 2455 bona
788 2391 935 2467 domina,
950 2390 1034 2473 obijt
1055 2392 1158 2455 tercio
1177 2392 1232 2456 die
1253 2403 1330 2475 post
1352 2392 1431 2476 Epi·

160 2504 310 2598 ἕπῃ
324 2491 491 2576 phaniam,
506 2495 564 2558 sed
585 2514 704 2577 corpus
725 2495 795 2558 eius
816 2494 1011 2558 seruabatur
1031 2493 1241 2560 inhumatum
1262 2516 1368 2579 usque
1388 2496 1430 2560 ad

160 2606 309 2698 323·th
323 2598 526 2662 dominicam
544 2598 742 2663 Palmarum.
787 2598 885 2662 Tunc
905 2600 995 2663 enim
1017 2610 1178 2663 uenerunt
1199 2609 1265 2663 tres
1287 2598 1344 2683 filij
1360 2601 1431 2664 eius

159 2706 310 2799 gfflugbgnffi
325 2703 453 2777 milites,
477 2712 511 2766 et
537 2714 675 2786 quartus
702 2723 844 2786 persona
871 2702 1094 2766 ecclesiastica
1118 2702 1253 2766 nomine
1275 2703 1431 2767 dominus

159 2807 272 2899 {2353}
327 2809 472 2881 Hamon,
489 2817 522 2871 et
538 2807 738 2890 sepelierunt
753 2828 873 2891 corpus
894 2808 964 2871 eius
984 2828 1061 2870 curn
1080 2808 1170 2869 omni
1191 2806 1316 2871 honore
1335 2808 1431 2871 iuxta

160 2906 268 3000 ξξὲξῗω
325 2914 429 2976 virum
452 2932 559 2989 suum,
580 2913 613 2975 in
634 2911 763 2995 capella
784 2913 883 2976 beate
906 2912 1020 2987 Marie,
1035 2922 1069 2976 et
1090 2922 1162 2975 tota
1183 2932 1257 2975 cera
1272 2914 1431 2977 remansit

324 3013 391 3077 iere
414 3035 519 3097 usque
542 3012 584 3077 ad
606 3034 676 3078 .cc.
698 3015 807 3091 libras,
828 3025 861 3079 et
882 3024 948 3078 tres
970 3016 1070 3097 panni
1092 3036 1173 3078 auro
1193 3015 1289 3092 texti,
1309 3024 1344 3078 et
1364 3017 1431 3079 duo

324 3119 400 3201 equi
416 3120 472 3202 qui
494 3118 674 3202 portabant
696 3119 850 3183 loculum.
897 3118 1064 3184 Omnibus
1085 3119 1146 3183 rite
1167 3120 1308 3201 peractis
1328 3140 1429 3183 reces-

161 3226 278 3269 ³⁰W¹¹¹²
324 3234 437 3287 serunt
453 3222 510 3306 filij
527 3223 749 3306 prenominati
765 3244 882 3287 omnes
898 3223 1023 3287 nullam
1045 3223 1202 3287 iacientes
1224 3224 1429 3288 mencionem

159 3276 292 3370 &lilim
324 3329 366 3392 de
382 3338 585 3392 testamento
601 3328 717 3390 matris
733 3349 798 3391 sue.
846 3329 892 3392 Et
907 3328 986 3412 quia
1003 3329 1094 3391 Prior
1108 3350 1152 3391 ex
1170 3328 1272 3391 relatu
1290 3328 1428 3391 aliorum

158 3377 291 3528 ΞΞΞΞἍ
324 3432 489 3497 intellexit
504 3433 595 3515 quod
610 3434 748 3497 domina
762 3434 852 3497 dicta
869 3433 994 3516 legauit
1009 3454 1084 3496 cum
1102 3452 1238 3515 corpore
1250 3453 1312 3495 suo
1324 3432 1430 3496 multa

160 3528 283 3621 limi,
323 3538 413 3601 bona
427 3538 565 3601 ecclesie
581 3538 637 3600 ubi
653 3538 753 3621 elegit
774 3539 991 3621 sepulturam,
1007 3536 1086 3602 iecit
1104 3538 1278 3600 dominum
1302 3536 1430 3599 Hamo-

158 3629 310 3721 ‘sssfflgff
323 3662 400 3705 nem
431 3642 647 3725 principalem
679 3643 749 3705 eius
778 3652 994 3705 executorem
1022 3641 1132 3704 uocari
1159 3660 1270 3703 coram
1297 3638 1429 3704 officiali

322 3748 450 3810 domini
482 3747 715 3831 Norwycensis
749 3747 898 3831 episcopi
930 3756 1047 3830 petens
1074 3746 1117 3809 ab
1147 3766 1187 3809 eo
1218 3765 1270 3809 .c.
1301 3766 1429 3809 marcas

323 3853 457 3916 nomine
480 3851 619 3937 legat[i].
667 3854 863 3917 Procurator
884 3873 963 3917 uero
983 3852 1055 3915 eius
1075 3850 1277 3915 defendebat
1295 3870 1428 3915 causam

323 3955 390 4020 iere
406 3978 464 4040 per
479 3957 649 4023 biennium
667 3958 829 4041 usquead
846 3959 1028 4021 aduentum
1045 3956 1172 4020 domini
1194 3958 1244 4019 sui
1265 3956 1308 4019 de
1329 3956 1429 4039 parti·

322 4059 385 4122 bus
414 4061 651 4123 transmarinis.
711 4058 864 4123 Tandem
897 4060 988 4123 uenit
1018 4058 1174 4121 dominus
1204 4077 1283 4120 suus
1314 4056 1430 4121 nolens

323 4165 439 4229 uolens
461 4174 495 4229 et
517 4166 739 4230 confitebatur
764 4165 808 4230 de
832 4187 890 4230 .x.
916 4165 1007 4229 libris
1031 4162 1199 4247 leg[atis];
1229 4172 1430 4245 ostensoque

321 4278 525 4334 testamento
539 4291 650 4334 coram
670 4270 782 4352 judice
797 4268 1058 4352 condempuauit
1073 4288 1149 4332 eum
1166 4267 1208 4331 ad
1225 4268 1428 4331 solucionem

320 4397 381 4441 .x.
397 4375 563 4453 librarum,
578 4386 612 4441 et
628 4374 862 4441 nichilominus
877 4376 919 4438 ad
937 4374 982 4439 .l.
999 4372 1124 4437 solidos
1140 4392 1200 4457 pro
1215 4370 1381 4458 expensis.
