3192 5067
116 350 189 450 vu]
465 353 502 426 T
496 362 626 428 enanis
652 353 693 427 z'n
721 353 885 427 Morden
1154 375 1220 444 291

182 537 351 603 Galsridus
366 540 504 605 domine
519 537 594 604 finis
605 549 699 605 tenet
710 561 812 605 vnam
828 562 940 606 acram
956 553 1051 620 terre,
1065 547 1099 605 et
1115 539 1225 604 reddit

114 642 194 707 inde
209 664 269 726 per
284 663 408 708 annum
424 644 467 708 ad
485 646 570 710 duos
585 646 746 710 terminos
763 646 848 730 .iijd.

892 732 1035 799 Summa
1050 755 1088 798 .v.
1104 730 1223 796 solidi¹.

184 927 230 991 13.
278 911 338 974 Isti
358 921 437 975 sunt
459 911 741 995 consuetudinarij
767 913 799 976 in
823 913 942 978 eadem
963 911 1042 976 villa
1061 911 1104 976 de
1125 910 1225 975 feodo

114 1030 241 1115 Pagani
259 1031 417 1097 Peuerel:

181 1168 345 1233 Ricardus
369 1170 477 1235 Crane
499 1179 592 1234 tenet
614 1171 731 1234 decem
756 1191 848 1234 aeras
871 1178 957 1235 terre
980 1181 1014 1235 et
1033 1170 1143 1234 reddit
1165 1191 1225 1252 per

113 1291 239 1336 annum
270 1275 418 1357 quinque
448 1274 582 1351 solidos,
609 1284 643 1338 et
673 1275 758 1338 duos
788 1295 934 1359 capones
960 1277 1002 1340 ad
1031 1274 1163 1348 Natale‚
1189 1286 1223 1339 et

112 1377 262 1441 inueniet
282 1399 342 1461 per
361 1399 463 1442 vnum
486 1379 575 1443 diem
592 1379 626 1442 in
643 1389 831 1464 autumpno
846 1399 946 1444 vnam
961 1390 1129 1444 carectam
1146 1399 1222 1442 cum

111 1501 199 1562 equo
222 1491 256 1545 et
279 1481 414 1546 homine
436 1504 498 1547 suo
520 1483 563 1547 ad
587 1485 698 1547 cibum
722 1484 860 1560 domini,
882 1484 934 1549 uel
958 1484 1095 1566 recipiet
1119 1504 1220 1547 unum

111 1587 295 1663 denarium,
319 1597 353 1651 et
375 1587 438 1651 hoc
461 1589 524 1652 erit
546 1590 579 1651 in
602 1589 777 1654 voluntate
800 1589 974 1653 seruientis
998 1589 1127 1652 Prioria

178 1690 369 1757 Willelmus
383 1691 548 1758 Thebaud
572 1703 665 1758 tenet
681 1694 835 1758 undecim
852 1714 946 1758 acras
961 1703 1048 1758 terre
1063 1703 1098 1757 et
1113 1693 1222 1756 reddit

112 1817 171 1880 per
187 1817 311 1861 annum
329 1797 379 1879 .vj.
396 1797 521 1861 solidos
537 1806 571 1862 et
587 1797 657 1879 jd„
669 1808 703 1862 et
718 1799 804 1862 duos
819 1818 965 1881 capones
980 1796 1023 1861 ad
1042 1796 1172 1872 Natale‚
1188 1806 1221 1860 et

110 1900 260 1964 inueniet
294 1921 394 1964 vnam
428 1911 593 1966 carectam
632 1903 664 1965 in
703 1912 900 1984 autumpno,
929 1902 1017 1965 sicut
1053 1900 1222 1985 predictus

114 2002 277 2066 Ricardus
302 2003 419 2068 Crane.

179 2105 345 2170 Robertus
369 2107 511 2190 Mayner
533 2117 625 2172 tenet
648 2109 797 2191 quinque
819 2127 913 2172 acras
935 2116 1032 2178 terre,
1055 2116 1090 2170 et
1112 2106 1222 2170 reddit

111 2230 310 2293 perannum
327 2211 369 2293 .ij.
381 2211 507 2276 solidos
522 2222 557 2277 et
571 2213 666 2295 .vj.cl.,
678 2221 712 2276 et
728 2232 831 2276 vnum
847 2231 1011 2294 caponem
1027 2212 1071 2274 ad
1089 2210 1220 2286 Natale‚

111 2325 145 2378 et
162 2316 309 2380 inueniet
324 2335 424 2380 vnam
437 2326 601 2381 carectam
615 2317 648 2379 in
664 2325 852 2398 autumpno
864 2335 924 2398 per
938 2314 1114 2379 dimidium
1130 2315 1220 2379 diem

111 2419 154 2482 ad
170 2419 281 2484 cibum
300 2419 428 2494 Prioris,
444 2422 529 2484 sicut
544 2431 579 2485 et
594 2421 660 2503 alij‚
676 2420 727 2484 vel
744 2420 882 2484 habebit
896 2440 999 2484 vnum
1016 2419 1212 2506 denarium„

179 2524 331 2606 Rogerus
356 2524 539 2589 Folkeman
571 2535 663 2590 tenet
686 2525 862 2589 dimidiam
887 2528 1051 2608 virgatam
1075 2534 1161 2589 terre
1187 2530 1339 2595 etr-1641>

114 2627 222 2692 reddit
238 2649 438 2712 perannum
454 2651 491 2694 .v.
510 2631 636 2695 solidos
656 2639 690 2694 et
711 2651 753 2694 .x.
775 2628 940 2705 denarios,
955 2637 989 2691 et
1005 2627 1058 2710 .iij.
1074 2647 1222 2712 capones

113 2734 156 2797 ad
176 2733 304 2810 Natale‚
319 2743 353 2798 et
369 2754 469 2798 vnam
486 2744 651 2800 carectam
668 2735 701 2798 in
718 2743 906 2816 autumpno
921 2733 1006 2796 sicut
1022 2741 1056 2796 et
1072 2732 1137 2814 alij.

180 2838 348 2920 Margeria
370 2858 456 2902 vxor
479 2838 638 2902 Willelmi
664 2837 850 2902 Folkeman
874 2845 966 2900 tenet
989 2857 1091 2900 vnum
1115 2857 1222 2900 mesu·

113 2943 226 3024 agium
251 2963 328 3007 cum
352 2943 457 3007 crofta
486 2943 529 3007 ad
560 2944 768 3007 voluntatem
801 2941 931 3017 Prioris,
962 2951 997 3004 et
1028 2940 1138 3004 reddit
1165 2959 1224 3023 per

113 3067 237 3112 annum
262 3049 302 3130 .ij.
326 3047 460 3124 solidos,
482 3057 517 3112 et
539 3069 642 3112 vnum
666 3065 830 3131 caponem
853 3046 897 3109 ad
922 3045 1053 3109 Natale.

180 3152 284 3235 Hugo
306 3150 431 3216 Torold
453 3161 546 3216 tenet
569 3153 716 3236 quinque
739 3171 833 3215 acras
857 3160 952 3228 terre,
974 3158 1008 3213 et
1030 3148 1140 3213 reddit
1164 3170 1224 3232 per

112 3276 238 3320 annum
255 3257 296 3339 .ij.
312 3255 437 3321 solidos
457 3267 491 3321 et
513 3257 604 3339 .vj.d.,
620 3267 653 3322 et
675 3278 777 3322 vnum
799 3274 964 3340 caponem
980 3256 1023 3320 ad
1041 3254 1172 3332 Natale‚
1187 3265 1222 3320 et

114 3361 259 3426 inueniet
280 3382 381 3426 vnam
403 3372 568 3427 carectam
589 3383 649 3445 per
668 3361 846 3426 dimidium
869 3360 958 3424 diem
975 3361 1009 3423 in
1025 3371 1220 3444 autumpno,

113 3474 148 3530 et
161 3465 323 3549 percipiet
337 3467 423 3530 sicut
438 3477 473 3530 et
488 3466 554 3551 alij.

179 3569 292 3633 Adam
305 3569 397 3634 saber
409 3581 502 3638 tenet
517 3571 664 3656 quinque
680 3592 773 3636 acras
788 3581 884 3647 terre,
896 3579 930 3634 et
946 3569 1056 3635 reddit
1071 3569 1150 3634 inde
1163 3591 1223 3653 per

114 3693 237 3738 annum
262 3673 301 3756 .ij.
326 3675 450 3740 solidos
473 3685 507 3740 et
532 3677 587 3741 .ix.
610 3675 773 3753 denarios,
796 3685 831 3740 et
857 3694 960 3738 vnum
987 3693 1151 3756 caponem
1177 3674 1220 3738 ad

115 3777 246 3854 Natale‚
262 3788 295 3843 et
311 3779 459 3844 inueniet
479 3799 580 3845 vnam
601 3789 767 3844 carectam
790 3779 822 3842 in
846 3788 1034 3861 autumpno
1049 3798 1110 3861 per
1124 3777 1221 3842 dimi·

114 3883 205 3948 dium
222 3882 312 3946 diem
328 3883 413 3947 sicut
429 3893 463 3948 et
478 3883 544 3966 alij.
936 3961 940 3970 Ι

179 3986 348 4050 Robertus
371 3986 496 4052 Torold
519 3998 554 4052 et
579 3987 743 4051 Ricardus
772 3986 896 4050 Mariot
926 3995 1044 4051 tenent
1073 3985 1221 4068 quinque

114 4111 205 4156 acras
232 4100 326 4168 terre,
349 4101 383 4156 et
413 4093 557 4158 reddunt
588 4094 665 4156 inde
696 4111 755 4175 per
789 4111 916 4155 anuum
946 4089 1001 4172 .iij.
1031 4088 1157 4153 solidos
1187 4100 1221 4154 et

113 4195 163 4278 .vj.
179 4195 344 4271 denarios,
359 4205 393 4260 et
408 4196 493 4260 duos
512 4216 657 4281 capones
673 4196 717 4260 ad
734 4195 867 4272 Natale‚
882 4204 917 4258 et
932 4193 1104 4258 inuenient
1120 4212 1220 4258 vnam

114 4310 276 4364 carectum
294 4301 327 4364 in
343 4311 530 4384 autumpno
545 4322 604 4385 per
619 4300 795 4365 dimidium
812 4300 901 4364 diem
918 4299 1005 4362 sicut
1019 4306 1054 4364 et
1068 4298 1135 4381 alij.

194 4417 202 4450 ¹
221 4419 284 4470 This
294 4419 345 4470 and
356 4420 391 4471 all
402 4421 552 4487 subsequenr
566 4420 641 4471 torals
652 4437 694 4471 ure
706 4421 731 4470 in
744 4421 787 4470 the
798 4419 905 4485 original
914 4419 983 4468 hand
994 4418 1024 4469 oi
1031 4418 1074 4468 the
1087 4417 1142 4470 MS.

1043 4548 1139 4605 19—a
