3192 5067
131 364 203 465 vn]
486 360 646 437 Tmants
671 363 712 435 in
738 359 941 434 Barnwell
1167 379 1238 451 323

28 568 31 607 ῑ
134 551 292 635 Hugonis
323 551 467 633 Mayner
496 548 599 632 patris
630 547 690 624 sui,
720 555 754 611 et
785 544 895 611 reddit
926 565 984 628 per
1014 564 1139 608 annum
1172 540 1238 624 xij.

28 674 30 712 ἱ
132 657 296 733 denarios,
319 655 359 738 .ij.
382 674 536 737 capones.

201 760 296 824 Idem
331 758 502 841 Johaunes
539 759 632 822 tenet
666 774 769 821 vnum
808 756 1017 839 mesuagium
1052 756 1143 838 quod
1179 752 1241 817 fuit

28 890 29 923 ;
134 863 294 928 WiIlelmi
321 863 353 926 le
376 863 517 946 Noreys‚
539 872 574 925 et
600 862 710 926 reddit
736 881 795 944 per
821 880 947 926 annum
971 859 1107 924 obolum
1136 857 1240 942 [quod

28 1008 29 1029 t
118 990 223 1034 -nunc
246 979 339 1033 tenet
362 989 447 1032 vxor
468 965 563 1050 eius].

200 1074 369 1140 GalIridus
400 1072 508 1137 Dallis
534 1081 626 1138 tenet
652 1093 753 1137 vnam
784 1091 895 1136 acram
927 1081 1012 1135 terre
1041 1070 1084 1135 ad
1116 1069 1242 1134 molen·

135 1180 261 1256 diuum,
284 1190 318 1243 et
341 1178 451 1248 reddit
474 1197 681 1261 perannum
704 1175 746 1259 .ij.
769 1175 903 1253 solidos,
925 1174 966 1258 .ij.
990 1195 1145 1258 capones.

203 1285 297 1348 Idem
320 1283 490 1349 Galiridus
511 1292 603 1346 tenet
623 1281 797 1346 dimidiam
819 1301 930 1344 acram
952 1290 1038 1344 terre
1059 1281 1092 1343 in
1114 1299 1243 1363 campo,

135 1400 170 1454 et
196 1388 306 1454 reddit
328 1410 388 1472 per
414 1407 539 1452 aunum
562 1409 600 1452 .v.
624 1387 779 1452 denarios
808 1385 854 1470 [et
878 1385 906 1469 .j.
930 1403 1113 1469 caponem:
1140 1406 1242 1468 quam

137 1493 247 1557 Alicia
270 1492 391 1576 Cokyn
416 1513 504 1555 nunc
526 1488 641 1574 tenetJ.

203 1597 367 1662 Ricardus
391 1597 420 1660 le
443 1595 571 1680 Taylur
594 1605 685 1661 tenet
708 1616 810 1660 vnum
837 1594 1045 1678 mesuagium
1069 1593 1159 1677 quod
1184 1592 1245 1658 suit

137 1699 317 1788 Kynhoge,
336 1713 370 1767 et
392 1703 503 1767 reddit
525 1723 584 1786 per
608 1722 733 1766 annum
757 1701 825 1784 .ij.
850 1701 1002 1766 denarios
1027 1700 1132 1786 [quod
1157 1721 1245 1765 nunc

136 1817 229 1873 tenet
250 1829 337 1872 vxor
359 1806 452 1890 eius}

203 1913 346 1995 Speruer
376 1920 469 1974 tenet
495 1931 597 1974 vnum
625 1911 833 1994 mesuagium
862 1909 953 1995 quod
983 1911 1155 1994 quondam
1184 1901 1361 1982 suits-urb

138 2016 277 2082 Roberti
299 2017 330 2081 Ie
352 2016 491 2092 Redere,
511 2026 545 2079 et
566 2011 675 2080 reddit
696 2035 900 2099 perannum
922 2015 974 2098 .iij.
995 2016 1119 2080 solidos
1133 2017 1244 2100 [quod

136 2141 226 2185 nunc
241 2131 335 2185 tenet
351 2121 468 2186 Simon
483 2121 526 2183 de
543 2119 734 2203 Stoktone].

201 2224 373 2306 Johannes
385 2225 472 2287 tilius
489 2223 624 2287 Ricardi
642 2224 715 2287 Peit
727 2233 819 2288 tenet
831 2244 933 2288 vnum
946 2226 1155 2308 mesuagium
1168 2245 1244 2290 cum

137 2330 243 2394 crofta
259 2331 300 2393 ad
319 2328 483 2393 venellam
500 2349 614 2392 versus
629 2349 762 2411 aquam,
777 2338 813 2392 et
834 2329 943 2393 reddit
963 2349 1162 2413 perannum
1179 2330 1244 2412 .iiij.

137 2434 262 2498 solidos
278 2433 461 2516 [Stoktone
475 2431 589 2514 tenet].

201 2537 374 2621 Johannes
395 2536 426 2599 Ie
449 2536 530 2599 Man
549 2545 642 2601 tenet
656 2556 758 2600 vnum
779 2538 987 2621 mesuagium
1004 2538 1100 2602 iuxta
1117 2558 1245 2602 mesua-

138 2643 229 2725 gium
254 2642 411 2724 Hugonis
432 2639 525 2715 fabri,
540 2651 575 2704 et
596 2639 704 2704 reddit
723 2662 782 2724 per
803 2661 927 2706 annum
949 2641 1011 2725 .vij.
1028 2641 1190 2717 denarios,
1205 2642 1245 2725 .ij.

138 2765 284 2829 capones
300 2744 404 2828 [quod
421 2764 509 2808 nunc
525 2754 616 2808 tenet
633 2743 718 2808 filius
734 2743 908 2828 eiusdem}

205 2848 438 2912 Pittanciarius
460 2858 552 2913 tenet
572 2867 675 2912 vnum
698 2849 907 2932 mesuagium
927 2869 1002 2912 cum
1022 2851 1128 2914 crofta
1143 2871 1244 2934 quam

139 2951 309 3018 Galsridus
325 2952 418 3015 saber
437 2953 545 3016 tenuit
565 2954 655 3035 quod
676 2963 815 3016 vocatur
830 2953 1007 3032 Coldham,
1022 2966 1056 3020 et
1072 2955 1173 3020 debet
1189 2977 1247 3039 per

33 3055 39 3068 ‘
138 3076 264 3120 annum
280 3055 365 3119 duos
381 3055 506 3119 solidos
521 3056 562 3138 .ij.
578 3077 731 3140 capones.

207 3161 292 3225 Item
320 3161 409 3224 idem
436 3170 529 3225 tenet
555 3181 655 3226 vnam
681 3162 821 3227 crustam
847 3185 912 3246 que
936 3163 996 3229 suit
1026 3165 1181 3249 Hugonis
1204 3168 1246 3230 de

140 3267 282 3345 Brunne,
297 3277 330 3332 et
346 3268 447 3331 debet
463 3286 663 3350 perannum
679 3267 740 3351 .vij.
757 3269 920 3334 denarios.
1057 3279 1060 3286 “

206 3371 292 3436 Item
317 3371 406 3436 idem
428 3381 522 3436 tenet
546 3392 648 3436 vnum
675 3375 882 3458 mesuagium
906 3374 997 3458 quod
1021 3374 1084 3440 suit
1108 3375 1245 3439 Henrici

140 3475 309 3560 [Feykin]‚
325 3486 358 3539 et
374 3476 475 3539 debet
490 3497 549 3558 per
565 3496 691 3540 annum
708 3477 762 3541 .xl‚
778 3479 932 3542 denarios
948 3479 988 3560 .ij.
1006 3499 1159 3562 capones.

208 3579 293 3642 Item
311 3587 422 3643 custus
438 3578 481 3642 de
498 3579 737 3661 Steresbregge
753 3589 846 3644 tenet
861 3601 961 3645 vnam
979 3602 1090 3646 acram
1106 3591 1201 3661 terre,
1213 3592 1247 3647 et

139 3682 242 3747 debet
257 3703 317 3766 per
331 3703 456 3747 annum
473 3683 524 3766 .vj.
539 3683 702 3748 denarios.

82 3824 87 3833 ·
207 3788 299 3851 Prior
318 3789 362 3852 de
383 3787 586 3851 Bernewelle
606 3796 699 3852 tenet
719 3808 823 3853 vnum
846 3791 1053 3874 mesuagium
1075 3791 1166 3875 quod
1186 3790 1247 3856 suit

141 3891 269 3982 Oliueri
291 3892 322 3956 le
341 3903 453 3976 porter
473 3893 517 3958 ad
538 3895 647 3977 capud
664 3894 746 4000 ¹ville
767 3881 867 3978 super
887 3897 1074 3975 mariscum,
1092 3906 1126 3960 et
1146 3899 1248 3962 debet
1285 3983 1294 4002 .

141 4015 341 4079 perannum
358 3996 411 4078 .iij.
427 3997 559 4062 solidos.

637 4083 795 4168 [Summa
811 4087 909 4170 ‚iiij.li.
926 4087 1042 4170 xviijs.
1060 4087 1164 4172 .viijd.
1181 4087 1248 4172 ob.]
