3192 5067
148 324 198 425 11]
469 325 616 400 Smn'ce
640 326 689 424 of
708 325 930 401 Cambertcm
1207 350 1255 419 93

187 529 204 592 3
209 526 236 592 5.
281 512 333 576 De
352 512 456 577 decem
477 513 593 577 solades
614 511 760 576 redditus
781 533 820 575 or
840 512 921 576 dono
946 509 1081 577 Comites
1103 510 1226 575 Dauid

215 666 252 751 Sj
290 668 375 734 sorte
409 680 566 753 queratur
601 670 714 753 aliquo
744 681 895 755 tempore
925 691 994 753 quo
1023 679 1172 733 waranto
1203 668 1256 731 uel
1270 686 1388 788 mgr:

150 791 217 854 quo
247 772 317 836 iure
347 774 498 838 canonici
525 774 714 857 percipiunt
741 773 1125 857 predictos.x.solidos
1152 792 1253 836 annur
1269 786 1410 829 wmroue

235 877 242 890 .
386 878 446 893 .,
634 878 641 890 .
875 877 917 892 ,,
1069 878 1076 891 ,
1195 837 1414 891 ...ratosne

149 877 299 941 redditus
320 877 363 942 ab
384 898 465 960 rpsrs
486 877 706 960 burgensibus
723 877 959 960 Cantebrrgre;
981 876 1033 941 vel
1050 898 1077 941 sr
1094 875 1178 941 sorte
1194 894 1256 958 rpsr
1269 849 1381 982 ἓξὲξ

150 981 331 1065 burgenses
352 983 457 1048 uelint
479 983 674 1048 subtrahere
694 983 862 1047 redditum
883 984 1069 1067 predictum
1086 982 1195 1045 donec
1210 982 1257 1044 eis
1270 986 1393 1083 &unge-not

150 1087 346 1152 ostendatur
365 1098 458 1153 carta
482 1088 625 1153 Comitis
648 1087 781 1166 Dauid;
809 1097 889 1152 tunc
914 1086 1183 1170 respondendum
1207 1094 1258 1149 est
1271 1089 1365 1142 bridus·

150 1192 215 1255 sic:
250 1191 349 1274 Quod
378 1193 546 1257 Walterus
573 1194 616 1257 de
642 1192 862 1257 Wissendene
886 1193 978 1257 dedit
1001 1192 1048 1255 eis
1071 1190 1257 1274 predictum

150 1297 318 1362 redditum
331 1348 338 1363 .
351 1313 376 1361 x
387 1347 394 1363 .
404 1297 587 1362 solidorum
603 1296 743 1379 singulis
758 1297 855 1360 annis
870 1298 1103 1380 inperpetuum
1119 1295 1162 1359 ab
1178 1294 1258 1377 ipsis

151 1400 371 1484 burgensibus
398 1401 612 1484 Cantebrigie
638 1400 874 1484 recipiendum,
897 1419 998 1483 quem
1021 1399 1156 1481 quidem
1185 1397 1259 1462 red-

152 1505 260 1569 ditum
282 1507 371 1570 idem
388 1506 557 1570 Walterus
578 1505 660 1568 emit
680 1505 723 1568 de
738 1504 872 1567 Thoma
888 1502 930 1567 de
946 1502 978 1566 la
994 1503 1209 1579 Warderobe,
1224 1511 1259 1566 et

152 1607 207 1673 ille
228 1608 379 1674 Thomas
400 1610 442 1675 de
465 1611 614 1674 Roberto
635 1608 704 1672 filio
725 1608 872 1683 Martini,
890 1618 923 1673 et
945 1608 1000 1671 ille
1024 1607 1192 1671 Robertus
1216 1605 1259 1671 de

154 1710 299 1777 Ricardo
334 1712 402 1777 filio
432 1713 601 1786 willelmi,
633 1722 668 1777 et
698 1712 753 1776 ille
785 1712 949 1776 Ricardus
980 1711 1067 1776 filius
1098 1712 1258 1776 Willelmi

152 1813 268 1878 habuit
296 1814 575 1881 illos.x.solidos
600 1836 661 1899 pro
685 1816 826 1879 seruicio
850 1836 911 1879 suo
935 1815 997 1879 sibi
1022 1824 1056 1879 et
1082 1814 1259 1879 heredibus

152 1919 220 1982 suis
239 1919 292 1982 vel
313 1920 381 1982 suis
399 1919 577 2001 assignatis
598 1920 833 2003 inperpetuum
855 1940 900 1983 ex
920 1920 1106 1984 donacione
1126 1920 1259 1983 comitis

154 2015 266 2080 Dauid
282 2019 326 2081 de
340 2019 445 2082 tercio
460 2019 598 2082 denario
613 2039 674 2082 suo
690 2018 733 2083 de
749 2018 972 2101 Cantebrigia.

424 2235 473 2315 36.
520 2234 691 2299 Seriancia
714 2234 754 2298 de
779 2232 997 2300 Cumbertone.

217 2388 388 2454 Seriancia
405 2388 543 2453 Roberti
559 2389 602 2453 de
620 2388 793 2473 Herdwylr
810 2390 842 2452 in
860 2387 1096 2463 Cumbertone,
1113 2407 1175 2471 pro
1190 2407 1256 2470 qua
1273 2402 1340 2445 xow
1348 2402 1391 2445 un

1273 2453 1342 2496 Prior
1349 2452 1398 2495 and

152 2493 266 2558 debuit
279 2493 363 2558 ferre
379 2494 529 2558 Domino
546 2494 631 2577 Regi
648 2494 786 2575 singulis
798 2492 916 2556 diebus
928 2512 1031 2557 vnum
1044 2490 1256 2575 syminellum
1272 2504 1426 2595 fifflssgssffi

151 2598 295 2663 calidum
323 2600 366 2663 ad
394 2598 571 2681 prandium
596 2619 703 2675 suum,
727 2608 761 2663 et
785 2618 846 2681 pro
870 2598 933 2662 hoc
957 2598 1097 2662 seruicio
1121 2596 1258 2662 deberet
1271 2602 1391 2697 m„

150 2703 240 2766 idem
254 2702 421 2767 Robertus
433 2701 555 2766 habere
566 2702 717 2786 qualibet
731 2704 920 2785 septimana
935 2723 1038 2767 vnum
1054 2702 1256 2785 quarterium
1270 2710 1322 2749 ²⁰¹²·

152 2805 307 2873 immenti
327 2818 362 2873 et
382 2818 490 2872 totum
511 2806 616 2872 furfur
635 2807 678 2872 de
698 2808 869 2872 dominico
891 2828 979 2892 pane
1001 2806 1128 2871 domini
1147 2806 1257 2889 Regis.

153 2912 199 2976 Et
225 2912 369 2977 alienata
395 2922 446 2977 est
472 2911 633 2975 seriancia
659 2910 716 2974 illa
745 2932 805 2994 per
835 2922 955 2994 partes,
983 2912 1071 2974 unde
1103 2911 1195 2974 Prior
1224 2919 1258 2974 et

151 3016 302 3080 canonici
338 3016 381 3080 de
415 3015 617 3081 Bemewelle
652 3026 768 3080 tenent
803 3018 913 3081 sexies
944 3015 1062 3098 viginti
1094 3024 1127 3078 et
1157 3035 1256 3079 vnam

152 3141 263 3187 acram
288 3132 382 3198 terre,
405 3142 471 3206 que
498 3122 611 3185 ualent
635 3142 693 3204 per
718 3142 842 3186 annum
868 3122 1047 3204 sexaginta
1072 3118 1198 3183 solidos
1224 3128 1258 3183 et

151 3246 214 3290 sex
236 3226 411 3303 denarios;
434 3235 565 3290 etcum
589 3225 681 3289 Prior
703 3227 858 3301 uenisset,
879 3223 979 3289 tinem
1004 3224 1082 3288 inde
1104 3223 1257 3300 facturus,

153 3328 320 3393 Dominus
347 3329 424 3393 Rex
451 3328 494 3393 de
519 3330 630 3412 gracia
657 3349 717 3392 sua
743 3328 879 3412 speciali
906 3327 1070 3392 concessit
1100 3327 1257 3409 predictis

154 3434 256 3498 Priori
286 3443 320 3499 et
351 3433 529 3498 Canonicis
560 3433 602 3497 de
629 3433 832 3498 Bemewelle
863 3435 953 3516 quod
985 3432 1114 3515 possint
1144 3440 1258 3495 tenere
1270 3446 1289 3497 s.
1307 3446 1367 3511 331>

152 3540 319 3625 predictas
333 3540 464 3605 sexcies
479 3540 597 3623 viginti
614 3548 648 3604 et
663 3558 764 3602 vnam
780 3558 891 3603 acram
909 3547 994 3601 terre
1010 3537 1052 3600 de
1069 3536 1142 3619 ipso
1164 3534 1258 3617 Rege

152 3654 186 3709 et
206 3644 383 3709 heredibus
403 3643 472 3708 suis
492 3663 553 3726 pro
574 3641 715 3706 dimidia
735 3662 849 3705 marca
868 3662 928 3724 per
949 3660 1073 3704 annum
1090 3659 1151 3722 pro
1166 3638 1257 3702 omni

151 3749 291 3813 seruicio
307 3768 366 3831 per
380 3748 481 3811 breue
496 3747 589 3811 cuius
605 3755 711 3821 tenor,
725 3754 787 3809 etc

269 3974 318 4043 37.
362 3957 468 4023 Breue
487 3957 590 4041 Regis
610 3956 650 4021 de
672 3954 845 4021 seriancia
867 3954 907 4017 dc
930 3953 1144 4021 Cumbertone.

208 4111 372 4187 H[enricus]
383 4113 430 4168 dei
442 4112 538 4183 gracia
551 4114 612 4167 Rex
624 4110 725 4181 Anglie
735 4120 787 4165 etc.
827 4107 939 4165 Dilecto
948 4119 976 4165 et
987 4108 1060 4164 fideli
1071 4104 1122 4163 suo
1133 4107 1257 4162 Roberto
1270 4117 1332 4161 'nnn
1340 4119 1400 4161 tnnc

153 4203 310 4259 Passelewe
319 4212 347 4257 et
357 4202 442 4273 soeijs
452 4201 510 4256 suis
518 4199 730 4272 Justiciariisad
738 4198 809 4253 fines
818 4197 955 4253 seriancie
968 4196 1120 4267 assignatis
1129 4196 1256 4251 salutem.
1270 4168 1404 4262 {fflssss‘d

206 4290 309 4347 Sciatis
326 4290 403 4362 quod
421 4289 613 4345 concessimus
633 4288 721 4343 Priori
739 4288 776 4343 de
793 4286 963 4341 Bemewelle
978 4285 1054 4355 quod
1071 4284 1133 4338 illas
1150 4284 1257 4339 sexcies

152 4379 252 4450 viginti
271 4390 298 4433 et
317 4395 403 4432 vnam
425 4394 506 4431 acras
525 4388 597 4432 terre
615 4393 686 4446 quas
705 4385 781 4430 tenet
800 4374 836 4429 de
856 4372 995 4429 seriancia
1012 4374 1048 4428 de
1067 4372 1257 4427 Cumbertone
