3192 5067
365 323 436 408 146
550 318 690 393 Acirim
717 316 758 391 in
785 327 925 416 respect
949 318 997 415 of
1011 345 1035 391 a
1062 318 1146 393 loun
1162 318 1274 416 from
1348 315 1466 415 [Boou

483 614 534 677 66.
580 612 630 678 Dc
650 624 757 679 strata
778 616 938 700 ampliata
953 627 1016 699 per
1030 626 1214 699 preceptum
1236 615 1345 699 Regis.

197 759 347 860 &⁰223ss
427 768 534 831 Fama
556 771 772 852 postmodum
795 772 947 853 peruenit
968 770 1012 835 ad
1033 791 1129 835 aures
1153 770 1256 853 Regis
1281 765 1463 853 E[dwardi]

195 870 318 963 2⁰23„oe
361 872 404 935 de
420 885 527 939 morte
548 886 779 951 mercatorum,
798 887 834 940 et
854 876 897 939 de
917 876 991 939 loco
1009 876 1065 940 ubi
1088 886 1183 940 erant
1201 876 1310 951 occisi,
1331 884 1364 937 et
1382 872 1465 935 exiit

195 959 304 1060 ἓξὲξ,
360 976 508 1041 edictum
534 1000 593 1061 per
617 1000 735 1043 omnes
761 980 940 1045 comitatus
967 979 1091 1063 Anglie
1117 981 1207 1064 quod
1233 999 1350 1043 omnes
1374 976 1464 1041 bosci

194 1060 340 1153 lo'ffffiff
361 1101 422 1164 per
435 1101 519 1163 quos
535 1082 693 1146 transitus
714 1083 902 1146 communis
921 1092 992 1146 erat
1012 1104 1057 1147 ex
1074 1093 1212 1166 vtraque
1232 1091 1326 1165 parte
1347 1079 1464 1162 regalis

194 1161 303 1263 i'rir'iiin
360 1185 504 1250 chemini
531 1206 636 1269 usque
661 1188 704 1251 ad
732 1187 942 1251 latitudinem
969 1187 1147 1270 sexaginta
1174 1186 1297 1269 pedum
1324 1194 1464 1267 proster-

195 1262 316 1303 woodno

194 1309 335 1404 moig-
360 1300 524 1366 nerentur,
554 1301 588 1355 et
618 1302 781 1356 statutum
812 1303 883 1357 erat
913 1303 1045 1376 tempus
1076 1304 1202 1357 certum
1239 1290 1383 1356 dominis
1421 1289 1462 1352 ad

194 1410 269 1454 wide.
359 1394 597 1459 succidendum
620 1397 683 1460 sub
705 1396 913 1462 forisfactura
934 1399 1037 1481 graui.
1083 1398 1183 1481 Quod
1211 1396 1349 1461 audiens
1374 1394 1465 1457 Prior

195 1462 258 1527 ⁵⁵⁴
360 1496 436 1561 iecit
465 1510 631 1581 prostrare
660 1500 793 1565 arbores
824 1511 952 1565 stantes
982 1523 1081 1585 super
1111 1502 1273 1566 fossatum
1305 1498 1405 1575 bosci,
1430 1506 1465 1561 et

358 1623 521 1685 coequare
543 1615 578 1668 et
600 1606 738 1687 implere
758 1606 930 1683 fossatum,
952 1616 986 1670 et
1007 1608 1121 1671 omnia
1142 1608 1277 1671 arbusta
1297 1605 1464 1668 eradicare

358 1727 463 1790 usque
488 1709 532 1772 ad
560 1709 769 1774 latitudinem
797 1710 868 1775 .lx.
897 1713 1030 1793 pedum,
1058 1732 1099 1774 ne
1126 1711 1210 1775 sorte
1240 1709 1401 1773 incideret
1431 1708 1463 1770 in

359 1830 477 1875 manus
501 1813 612 1895 Regis.
658 1814 789 1877 Eodem
817 1816 919 1877 modo
946 1814 1024 1878 fecit
1047 1814 1234 1879 Willelmus
1262 1812 1464 1893 Baldewyne

358 1915 400 1979 de
415 1915 517 1979 bosco
532 1937 593 1979 suo
607 1938 653 1981 ex
669 1917 773 1981 altera
788 1928 884 1999 parte
900 1917 1019 2001 regalis
1035 1918 1187 1995 chemini‚
1203 1918 1299 1980 etsie
1319 1915 1464 1979 securius

358 2018 403 2082 ibi
419 2022 774 2105 uaduntttranseuntes
789 2043 891 2105 quam
909 2024 1021 2105 prius¹.

414 2286 465 2365 67.
509 2285 675 2349 Placitum
697 2295 807 2349 contra
829 2296 1002 2350 erccutores
1033 2286 1076 2349 W
1078 2285 1221 2371 [illelmi]
1245 2284 1285 2349 K
1285 2283 1408 2348 ilkenni

572 2388 722 2473 Episcopi
742 2390 892 2473 Elpensis
913 2391 952 2454 de
973 2402 1098 2455 centum
1121 2392 1247 2455 marcis.

190 2552 341 2646 htx-‘32⁷³-
422 2543 679 2607 Memorandum
692 2546 783 2626 quod
796 2564 886 2608 anno
898 2544 1025 2609 domini
1041 2551 1122 2608 .m⁰.
1133 2550 1198 2608 cc⁰.
1215 2543 1461 2627 septuagesimo

191 2660 335 2745 ffiffie
354 2646 457 2710 tercio
479 2648 514 2709 in
536 2648 682 2711 crastino
704 2648 811 2710 sancti
835 2648 988 2712 Nicholai
1010 2648 1100 2730 apud
1124 2648 1259 2711 Nouum
1281 2646 1459 2729 Templum

191 2753 331 2857 {3¹3an
356 2752 510 2827 London,
539 2771 649 2814 coram
681 2751 777 2814 nobis
808 2752 969 2833 magistro
999 2752 1152 2816 Arnaldo
1182 2752 1224 2817 de
1254 2750 1345 2815 Alba
1375 2760 1461 2815 terra

191 2855 319 2948 ffiffigd
354 2856 515 2919 canonico
531 2855 767 2931 Albaterensi²‚
783 2856 1011 2920 commissario
1028 2856 1177 2939 magistri
1196 2856 1403 2938 Reymundi³
1417 2854 1461 2919 de

191 2956 342 3048 ffiflssffi
356 2960 511 3042 Nogerijs
541 2959 667 3024 domini
701 2960 790 3041 Pape
817 2960 990 3042 capellani,
1016 2961 1104 3023 sedis
1131 2961 1313 3043 apostolice
1340 2959 1460 3035 nuncii,

191 3056 286 3158 {iffi
354 3066 540 3147 comparuit
567 3065 726 3146 magister
753 3064 941 3128 Willelmus
969 3064 1011 3129 de
1034 3064 1238 3148 [Kilkenni⁴]
1268 3074 1461 3147 procurator

354 3178 572 3231 executorum
588 3168 674 3230 bone
691 3167 850 3230 memorie
863 3167 1021 3231 Willelmi
1038 3169 1081 3232 de
1098 3168 1269 3250 Kylkenni
1286 3170 1458 3251 quondam

356 3271 510 3353 Elyensis
532 3271 689 3353 episcopi,
713 3280 830 3334 contra
853 3271 1023 3353 religiosos
1044 3274 1131 3335 viros
1157 3272 1301 3335 Priorem
1325 3283 1359 3335 et
1381 3292 1460 3335 con-

353 3385 492 3440 uentum
523 3376 565 3439 de
597 3374 797 3439 Bernewelle
828 3396 887 3458 per
918 3377 1114 3457 magistrum
1145 3375 1380 3459 W[illelmum]
1416 3375 1459 3439 de

355 3479 509 3543 Norwico
536 3488 782 3563 procuratorem
810 3500 924 3543 eorum
948 3479 1097 3564 legitime
1124 3469 1342 3544 constitutum
1368 3500 1458 3545 com·

354 3594 515 3666 parentes.

401 3810 410 3842 ¹
427 3812 484 3862 The
498 3814 597 3863 Statute
613 3812 643 3862 os
657 3813 815 3865 winchester
832 3815 917 3877 (1285)
935 3814 956 3864 is
974 3813 1096 3879 probably
1112 3820 1212 3871 meant3
1231 3812 1276 3861 but
1293 3810 1319 3861 in
1334 3811 1387 3861 that
1402 3811 1421 3861 it
1437 3811 1459 3860 is

351 3896 456 3945 enneted
469 3896 549 3946 “that
566 3896 636 3945 there
649 3897 681 3946 be
696 3896 794 3947 neither
809 3896 876 3961 dyke
891 3903 943 3946 tree
958 3912 1005 3946 nor
1019 3896 1084 3946 bush
1099 3895 1216 3959 whereby
1230 3910 1246 3943 a
1260 3908 1319 3943 man
1333 3908 1391 3957 may
1402 3892 1459 3943 lurk

351 3988 378 4029 to
392 3980 427 4029 do
441 3979 498 4030 hurt
511 3980 598 4029 within
614 3987 664 4029 two
679 3980 794 4029 hundred
806 3980 859 4030 soot
874 3979 902 4029 of
916 3979 959 4029 the
976 3996 1024 4029 one
1039 3979 1093 4029 side
1108 3980 1158 4027 and
1173 3986 1224 4027 two
1235 3976 1348 4027 hundred
1360 3976 1413 4026 loot
1424 3990 1457 4024 on

351 4062 394 4114 the
405 4062 477 4112 other
488 4062 542 4112 side
552 4061 582 4111 oi
589 4063 633 4111 the
644 4060 725 4127 way.'’
760 4062 863 4121 Stubbs,
877 4062 951 4111 Select
963 4062 1088 4120 Chartam.
1106 4066 1176 4125 1895,
1189 4076 1213 4125 p.
1230 4071 1286 4122 474.

398 4145 410 4177 ²
426 4147 494 4196 Alba
505 4146 584 4195 Terra
595 4146 616 4196 is
628 4146 751 4211 probably
763 4146 902 4195 Aubeterre
912 4146 939 4194 in
952 4146 1048 4195 France
1060 4145 1215 4205 (Charente).

398 4227 410 4260 l
427 4230 528 4293 Rogeri,
543 4228 614 4279 Ms.:
632 4229 677 4278 but
688 4244 730 4278 see
740 4229 829 4287 above,
842 4244 868 4293 p.
883 4244 937 4291 124,
951 4228 1001 4277 and
1013 4228 1105 4277 below.

398 4312 488 4361 ⁴This
510 4327 583 4361 name
605 4312 650 4360 has
672 4310 800 4375 evidently
820 4312 882 4360 been
903 4310 1000 4374 copied,
1024 4310 1057 4374 by
1077 4326 1092 4359 a
1114 4309 1213 4359 clerioal
1233 4324 1308 4368 error,
1330 4306 1395 4357 from
1416 4306 1457 4356 the

349 4394 399 4444 line
417 4395 507 4443 below.
