3192 5067
142 365 204 466 111]
222 368 411 465 Property
427 365 474 463 of
492 362 674 439 Wan‘nus
691 362 736 434 de
752 360 887 433 Insula
904 367 945 432 at
961 358 1149 455 Rampton
1180 360 1245 448 165

141 552 263 607 intendit
290 567 455 622 recuperare
484 548 639 619 proficuum
664 546 819 602 eorundem
843 553 1069 599 tenementorum
1094 556 1182 611 vsque
1210 540 1248 593 ad

140 649 251 710 tempus
273 640 356 709 plene
377 637 460 693 etatis
480 636 581 708 ipsius¹
598 633 737 705 Johannis
754 644 782 688 et
798 650 849 703 per
865 647 1042 701 consequens
1060 628 1249 684 inhereditare

140 724 263 780 eundem
289 725 450 794 Johannem
476 739 541 776 cum
570 722 646 776 idem
671 720 817 789 Jobannes
842 718 946 772 habeat
976 734 1058 771 suum
1083 730 1248 785 recuperare

141 829 239 868 uersus
255 828 321 867 eum
339 830 389 882 per
403 827 532 880 assysam
549 808 648 864 mortis
666 806 853 862 antecessoris
874 805 897 860 si
916 804 996 860 accio
1015 804 1043 858 in
1062 820 1130 857 casu
1149 803 1203 857 isto
1222 803 1248 857 ei

141 911 301 973 competere
320 902 418 971 possit
456 901 494 955 Et
516 900 540 955 si
559 898 637 953 curia
658 892 842 967 cons[ideret]
861 894 938 965 quod
956 892 1059 948 debeat
1075 892 1101 947 ei
1124 892 1190 946 inde
1207 908 1248 947 re·

141 992 281 1062 spondere
299 990 337 1045 ad
356 989 432 1045 istud
449 989 543 1056 breue,
563 987 638 1042 dicet
657 986 734 1039 aliud
752 994 806 1040 etc

357 1197 408 1263 91.
447 1176 620 1262 juditium
643 1174 791 1239 mittitur
810 1173 858 1238 ad
876 1173 1032 1238 Bancum.

209 1336 291 1399 Dies
311 1335 410 1398 datus
430 1341 481 1397 est
502 1332 549 1395 eis
570 1329 612 1393 de
632 1328 801 1392 audiendo
819 1327 942 1392 iudicio
957 1348 1018 1391 suo
1032 1328 1123 1411 apud
1139 1327 1250 1392 West-
1264 1329 1415 1431 {32⁸⁶ng-

144 1434 381 1500 monasterium
409 1453 429 1496 a
455 1431 510 1494 die
537 1429 653 1495 Sancti
682 1427 857 1491 Michaelis
883 1428 916 1490 in
944 1436 1010 1491 tres
1037 1428 1251 1510 septimanas
1264 1427 1394 1523 32⁰1}ssssss

143 1537 245 1601 saluis
265 1534 342 1597 hinc
364 1533 442 1596 inde
462 1528 640 1613 dicend[is]
661 1536 723 1592 etc.
770 1529 939 1611 Judicium
961 1549 1040 1592 uero
1061 1528 1123 1592 luit
1139 1549 1250 1591 coram

139 1637 331 1723 justiciarijs
355 1639 387 1701 in
411 1637 521 1700 banco
543 1636 660 1699 datum
682 1634 830 1698 totaliter
850 1654 910 1716 pro
933 1634 1044 1697 Priore
1066 1634 1108 1697 de
1129 1632 1253 1696 villano

143 1765 213 1821 suo,
229 1763 270 1807 eo
284 1742 376 1825 quod
392 1760 516 1814 seruus,
530 1738 688 1821 quicquid
705 1735 860 1820 adquirit,
876 1737 1017 1821 acquirit
1029 1737 1169 1800 domino
1184 1756 1253 1800 suo.

360 1964 412 2028 92.
455 1946 510 2009 De
529 1946 659 2010 domino
691 1943 828 2009 Warino
849 1946 889 2009 dc
910 1945 1034 2011 Insula.

211 2098 378 2161 Dominus
400 2095 568 2158 Robertus
589 2094 632 2157 de
655 2092 769 2156 Insula
791 2093 885 2157 miles
902 2094 1010 2158 tenuit
1024 2096 1066 2159 de
1084 2094 1193 2159 Priore
1208 2093 1252 2159 de
1266 2088 1410 2180 menos

146 2200 345 2265 Bernewelle
356 2219 456 2263 vnam
473 2199 588 2262 hidam
604 2206 690 2260 terre
701 2206 736 2261 et
747 2197 816 2261 duo
828 2200 999 2280 mesuagia
1012 2199 1044 2261 in
1059 2198 1252 2282 Ramptone
1266 2186 1406 2293 {Pyfflfifs

145 2327 204 2388 per
224 2306 419 2387 homagium
440 2312 474 2366 et
494 2300 671 2365 seruicium
688 2322 750 2364 sex
765 2301 946 2364 solidorum
965 2303 1066 2366 annui
1083 2302 1232 2367 redditus
1245 2324 1252 2380 ;
1267 2291 1389 2385 ξζξῑρζῗξ,

145 2420 179 2475 et
214 2410 293 2494 quia
326 2408 415 2472 idem
448 2405 615 2470 Robertus
645 2406 751 2469 multa
781 2406 927 2470 debebat
956 2408 1130 2490 arreragia,
1161 2408 1253 2471 Prior
1267 2394 1400 2494 ξξῖζζξξῗ*

146 2516 275 2597 Symon
307 2514 340 2576 in
366 2512 482 2575 itinere
510 2512 660 2593 magistri
689 2512 814 2594 Rogeri
841 2513 884 2576 de
912 2512 1076 2595 Seytonc²
1101 2523 1254 2595 tempore
1291 2491 1408 2594 ffipibm

148 2619 251 2701 Regis
283 2616 420 2681 Henrici
451 2614 644 2697 impetrauit
672 2614 774 2678 breue
804 2616 847 2679 de
877 2618 1017 2681 seruicio
1047 2626 1107 2681 etc.
1157 2593 1390 2686 Tuncffissffi

147 2725 239 2788 uenit
262 2722 351 2786 idem
377 2720 543 2783 Robertus
566 2718 609 2781 de
634 2719 747 2782 Insula
769 2728 804 2783 et
827 2719 905 2783 lecit
927 2721 1121 2803 homagium
1145 2722 1254 2785 eidem
1268 2693 1384 2787 lidii?

149 2828 251 2891 Priori
274 2825 425 2907 Symoni,
441 2833 475 2887 et
495 2832 625 2905 partem
645 2821 746 2886 soluit
765 2824 808 2887 de
829 2826 1001 2907 arreragiis
1021 2835 1055 2889 et
1078 2836 1205 2909 partem
1224 2825 1256 2890 ei
1269 2793 1381 2837 ”¹¹⁸'¹⁰¹²'

150 2931 242 2994 Prior
256 2928 469 3003 condonauit,
482 2928 560 3010 quia
575 2926 794 2991 amicabiliter
810 2925 887 2991 iecit
903 2929 993 3011 quod
1010 2928 1117 2993 iacere
1131 2930 1256 2994 debuit.

149 3031 319 3097 Defuncto
351 3028 500 3094 Roberto
530 3030 689 3093 successit
718 3029 749 3093 ei
780 3028 868 3094 filius
901 3042 935 3097 et
970 3031 1065 3097 heres
1101 3034 1257 3097 dominus

149 3138 304 3202 Warinus
330 3137 373 3199 de
407 3135 530 3212 Insula,
554 3136 611 3217 qui
642 3134 742 3199 nichil
772 3156 809 3199 se
839 3140 1034 3220 recognouit
1066 3148 1180 3203 tenere
1214 3139 1257 3202 de

151 3243 271 3316 Priore,
297 3262 357 3304 nec
388 3240 582 3321 homagium
611 3260 671 3303 nec
698 3239 865 3304 redditum
893 3244 922 3305 ei
949 3241 1078 3307 debere.
1126 3243 1165 3307 In
1193 3244 1356 3307 hocf-61b

150 3345 249 3428 igitur
276 3346 392 3408 itinere
414 3344 673 3426 justiciariorum
697 3346 890 3428 impetrauit
914 3348 1006 3411 Prior
1031 3349 1133 3414 breue
1159 3371 1258 3433 super

150 3450 293 3513 eundem
316 3449 492 3511 Warinum
515 3449 559 3511 de
581 3449 721 3512 seruicio
744 3460 805 3514 etc.
852 3450 919 3534 Qui
944 3453 1035 3516 uenit
1056 3461 1090 3517 et
1110 3454 1257 3517 ostendit

150 3552 320 3636 quandam
342 3561 467 3616 cartam
490 3562 637 3615 ueterem
659 3562 735 3615 eum
758 3574 881 3635 magno
904 3554 1015 3637 sigillo
1037 3556 1100 3620 sub
1123 3559 1258 3621 nomine

152 3658 272 3722 Prioris
293 3666 326 3721 et
348 3656 544 3722 conuentus
564 3658 607 3721 de
629 3658 839 3723 Bernewelle.
886 3660 996 3744 Quam
1013 3682 1089 3725 cum
1106 3664 1258 3727 uiderent

151 3760 302 3826 canonici
336 3760 393 3843 qui
428 3760 473 3824 ibi
509 3771 679 3844 presentes
714 3764 855 3828 aderant
885 3766 1137 3847 perpendebant
1166 3769 1257 3850 quod

151 3866 259 3929 cauda
279 3874 420 3929 consuta
439 3874 510 3928 erat
531 3867 574 3930 ad
595 3876 723 3929 cartam
745 3886 822 3929 cum
844 3865 901 3931 filo
921 3869 1035 3944 serim,
1053 3879 1087 3932 et
1109 3881 1259 3953 preterea

151 3971 242 4053 quod
266 3988 332 4031 non
354 3968 501 4032 habebat
521 3968 774 4052 impressionem
796 3970 895 4052 sigilli
918 3970 1121 4037 Conuentus.
1168 3975 1259 4058 Qua·

152 4082 288 4157 propter
308 4071 498 4137 Willelmus
519 4076 562 4137 de
584 4074 718 4152 Kellou,
738 4076 795 4158 qui
816 4086 887 4141 erat
908 4078 950 4141 de
971 4078 1109 4142 consilio
1131 4081 1251 4144 Prioris

153 4177 266 4242 statim
288 4174 382 4239 dedit
404 4176 506 4240 Priori
528 4178 703 4241 consilium
725 4188 761 4242 ut
782 4198 859 4242 eum
880 4178 1102 4262 implacitaret
1122 4184 1165 4248 de
1188 4193 1261 4248 toto

152 4288 355 4356 tenemento,
377 4290 412 4343 et
435 4282 571 4364 insuper
591 4284 635 4347 de
658 4285 884 4348 aduocacione
907 4285 1045 4350 ecclesie
1067 4288 1110 4351 de
1134 4289 1261 4372 Ramp-

283 4418 291 4447 ¹
310 4419 430 4478 eiusdem,
443 4421 502 4471 MS.
692 4420 703 4452 ¹
721 4422 871 4481 Seeabove‚
883 4438 908 4489 p.
925 4438 979 4489 ¹²9·
1014 4424 1046 4473 In
1061 4436 1131 4488 ιαμ.
