3192 5067
460 365 497 437 T
492 366 615 463 alhge
640 365 690 462 of
709 363 929 465 Cambridge

244 706 294 772 29.
339 688 538 754 lnrotulacio
558 687 598 752 de
610 688 718 772 firma
740 687 780 752 de
805 687 983 755 Cestertone
1003 688 1141 753 liberata

487 793 646 858 Willelmo
663 794 703 858 de
725 793 925 858 Hastentot¹.

138 1060 186 1123 30.
234 1040 388 1121 Qualiter
399 1043 507 1126 firma
528 1042 568 1105 dc
592 1039 769 1106 Cestertone
783 1040 863 1124 suit
883 1041 994 1106 diuisa
1010 1052 1087 1125 post
1110 1052 1244 1107 mortem

167 1147 324 1212 Willelmi
344 1147 383 1211 dc
405 1146 588 1223 Hastentot,
610 1167 709 1229 usque
729 1146 777 1209 ad
796 1156 931 1210 mortem
954 1148 1056 1231 Regis
1079 1147 1224 1211 Henrici.

203 1319 383 1384 Sciendum
411 1327 462 1382 est
488 1317 588 1401 quod,
615 1326 748 1381 mortuo
775 1316 946 1381 Willelmo
973 1318 1015 1382 de
1049 1319 1274 1391 Hastentott.
1295 1329 1355 1393 μὴ

139 1424 216 1487 Rex
239 1423 405 1487 Henricus
425 1421 588 1485 concessit
611 1421 745 1505 Rogero
765 1420 808 1485 de
831 1422 999 1486 Wautone
1023 1421 1244 1486 Mareschallo
1258 1442 1403 1536 wippa

137 1548 199 1591 suo
219 1526 293 1590 illas
308 1541 377 1591 .xx.
394 1526 494 1590 libras
510 1546 615 1609 usque
631 1528 673 1590 ad
689 1536 815 1590 etatem
832 1526 963 1590 heredis
979 1527 1059 1591 dicti
1076 1526 1243 1591 Willelmi.
1258 1555 1357 1637 med

139 1630 270 1695 Deinde
306 1630 398 1694 uenit
430 1629 574 1693 lsabella
604 1650 690 1693 vxor
720 1628 881 1692 Willelmi
911 1630 954 1693 de
990 1629 1175 1694 Hastentot
1210 1639 1244 1695 et
1258 1643 1311 1686 {nto
1320 1645 1390 1687 three

138 1735 344 1819 recuperauit
375 1735 452 1798 inde
482 1733 597 1797 dotem
628 1754 723 1796 suam
755 1752 870 1796 uersus
899 1734 1026 1796 dictum
1060 1734 1242 1815 Rogerum.
1258 1700 1335 1746 '’m''

138 1839 234 1902 Tunc
249 1839 385 1923 quidem
398 1847 470 1902 erat
481 1836 577 1900 firma
593 1837 635 1899 de
648 1837 844 1902 Cestertone
856 1837 964 1900 diuisa
980 1837 1013 1899 in
1029 1846 1096 1899 tres
1112 1845 1244 1920 partes:

137 1964 203 2007 vna
224 1963 300 2026 pars
322 1944 417 2027 Regi,
432 1943 538 2007 altera
560 1944 703 2025 Rogero,
718 1952 753 2006 et
773 1943 875 2006 tercia
897 1941 1063 2007 Ysabelle.
1110 1941 1243 2006 Deinde

137 2049 229 2112 uenit
251 2047 412 2111 Ysabella
436 2056 469 2111 et
490 2066 550 2130 per
566 2046 726 2109 iudicium
748 2044 837 2108 curie
863 2046 1071 2129 recuperauit
1095 2046 1244 2110 totaliter

137 2153 210 2216 illas
220 2202 227 2217 .
237 2167 288 2215 xx
299 2201 305 2216 .
318 2152 427 2228 libras,
442 2152 557 2215 dicens
572 2150 760 2215 custodiam
777 2150 870 2233 pueri
892 2150 934 2214 ad
956 2171 992 2214 se
1014 2152 1187 2235 pertinere,
1203 2172 1244 2214 eo

136 2257 227 2340 quod
247 2256 326 2320 villa
347 2256 389 2320 de
410 2256 615 2332 Cestertone,
631 2258 720 2319 vnde
736 2255 793 2319 illa
816 2254 912 2319 firma
933 2256 1095 2339 prouenit,
1111 2266 1244 2319 tenetur

137 2362 171 2425 in
186 2359 331 2443 socagio‚
346 2370 380 2424 et
396 2381 463 2424 non
480 2381 538 2444 per
553 2361 728 2425 seruicium
746 2361 897 2425 militare.
933 2360 1032 2424 Vnde
1047 2370 1240 2444 preceptum
1257 2366 1324 2469 {¹332

136 2464 199 2529 suit
216 2466 318 2530 Priori
338 2466 429 2549 quod
451 2466 540 2531 illas.
553 2480 621 2530 xx.
634 2466 734 2531 libras
755 2467 910 2531 decetero
926 2466 1068 2530 solueret
1084 2466 1242 2530 Ysabelle
1258 2468 1395 2560 flsggdffl

135 2570 179 2634 de
204 2570 398 2646 Hastentot,
422 2580 455 2634 et
479 2572 525 2635 ita
548 2571 673 2635 sactum
701 2582 751 2635 est
779 2592 884 2655 usque
911 2571 954 2635 ad
981 2572 1110 2635 obitum
1140 2571 1242 2653 Regis
1256 2568 1405 2668 ωἷζζξξῆξ,

139 2674 296 2752 Henrici;
318 2675 376 2738 sed
392 2684 465 2739 toto
480 2684 631 2757 tempore
647 2676 734 2758 regis
751 2675 930 2739 Eadwardi
946 2676 988 2741 ad
1005 2676 1206 2739 scaccarium
1213 2680 1230 2737 ².
1256 2668 1401 2761 §mia

385 2922 434 2986 31.
478 2904 530 2969 De
553 2905 689 2989 tallagio
711 2906 751 2970 de
777 2906 995 2991 cantebrzgria.

190 3070 354 3144 H[enricus]
372 3073 418 3127 dei
435 3073 532 3143 grecia
551 3074 612 3128 Rex
630 3073 740 3143 Anglie,
755 3075 897 3129 Dominus
916 3076 1070 3145 Hybernie,
1085 3077 1151 3131 Dux
1170 3078 1242 3131 Nor·
1257 3072 1349 3117 now.

135 3162 258 3229 maome,
276 3161 473 3232 Aequitannie,
492 3173 520 3215 et
540 3163 643 3216 Comes
661 3162 838 3233 Andegauie‚
857 3162 968 3218 dilectis
986 3173 1014 3218 et
1034 3163 1164 3218 fidelibus
1184 3162 1242 3218 suis
1254 3124 1348 3225 iffi}

136 3250 254 3319 symoni
272 3250 310 3303 ee
332 3250 475 3317 notione,
496 3250 654 3305 vicecomiti
675 3250 865 3321 cantebrigie,
886 3262 915 3306 et
934 3251 1077 3306 wnetmo
1096 3252 1131 3305 ue
1151 3252 1241 3306 sote·
1255 3224 1405 3328 illidi„

135 3339 231 3394 surthe
243 3337 434 3393 assessoribus
447 3336 553 3407 tallagij
566 3338 609 3391 sui
623 3338 652 3391 in
664 3338 731 3393 villa
743 3338 779 3393 de
792 3339 977 3410 Cantebrigia
989 3340 1116 3394 salutem.
1255 3336 1378 3418 fflffl

190 3426 361 3480 Monstrauit
377 3425 461 3480 nobis
479 3424 558 3479 Prior
574 3425 610 3479 de
628 3426 800 3481 Bemewelle
816 3427 893 3495 quod
911 3428 977 3481 licet
996 3443 1047 3483 uos
1067 3427 1241 3482 talliaueritis
1254 3425 1297 3467 ὼε
1308 3426 1376 3469 Prior

135 3524 263 3571 tenentes
281 3532 348 3569 suos
366 3515 394 3568 in
413 3514 595 3583 Cantebrigia
612 3514 684 3568 inter
700 3526 809 3569 ceteros
823 3517 976 3584 burgenses
990 3527 1102 3572 nostros
1115 3516 1241 3571 eiusdem
1255 3476 1271 3517 b
1297 3476 1340 3518 m

1279 3524 1304 3567 in

134 3605 207 3673 ville,
220 3624 272 3662 vos
289 3605 489 3660 nichilominus
509 3605 627 3659 assideri
645 3604 752 3659 lecistis
770 3605 926 3675 talliagium
941 3623 1025 3677 super
1041 3624 1166 3662 annuum
1179 3606 1241 3661 red·
1254 3538 1366 3679 &2⁹³¹

134 3692 225 3749 ditum
253 3710 338 3764 quem
366 3692 442 3746 idem
471 3691 590 3763 percipit
618 3692 654 3746 de
679 3692 787 3746 eisdem
812 3693 989 3760 tenementis,
1015 3703 1042 3747 et
1067 3692 1131 3748 ideo
1159 3693 1240 3747 uobis

134 3782 304 3837 mandamus
316 3779 392 3852 quod
405 3780 429 3833 si
442 3778 482 3833 ita
499 3790 541 3835 est
558 3790 625 3835 tunc
642 3779 798 3848 talliagium
812 3778 880 3834 illud
893 3778 986 3835 eidem
1001 3778 1088 3835 Priori
1103 3778 1240 3835 relaxetis.

135 3872 222 3924 Teste
242 3886 288 3924 me
309 3869 371 3941 ipso
396 3868 472 3939 apud
498 3868 553 3940 Ely
571 3880 651 3923 xvut
677 3867 723 3922 die
749 3866 934 3938 Septembris,
954 3884 1030 3923 anno
1051 3870 1130 3937 regni
1152 3868 1241 3923 nostri

135 3964 277 4024 xxxvvn.

183 4085 193 4118 ¹
210 4088 273 4138 This
283 4096 379 4139 extract
390 4087 453 4138 from
465 4102 481 4137 e
492 4088 555 4153 Pipe
567 4088 626 4138 Roll
636 4088 682 4139 hus
693 4089 757 4139 been
768 4089 870 4153 already
881 4088 955 4154 given
967 4089 1055 4151 above,
1069 4091 1083 4150 5
1097 4087 1134 4139 16.

182 4169 193 4201 ¹
209 4172 272 4222 This
282 4180 417 4222 statement
427 4171 449 4221 is
460 4171 608 4222 inaccurate.
647 4172 716 4237 King
727 4172 837 4223 Edwerd
850 4171 863 4221 1
876 4172 998 4223 ordered:
1017 4170 1052 4235 (ι)
1065 4170 1118 4223 thet
1133 4171 1242 4223 Issbelln

134 4270 186 4305 ves
202 4264 229 4305 to
247 4254 311 4305 have
328 4255 371 4305 the
389 4254 471 4305 whole
488 4252 551 4316 ,tro
567 4255 631 4305 until
647 4256 680 4306 he
695 4255 785 4305 should
800 4255 933 4306 otherwise
948 4253 1052 4321 appoint
1070 4254 1155 4317 (Close
1171 4254 1239 4313 Roll,

138 4336 260 4388 ruunt
276 4353 310 4386 m.
326 4340 350 4387 8.
369 4338 412 4397 (18
424 4336 506 4402 April,
525 4338 623 4402 1273));
647 4336 683 4401 (r)
702 4338 755 4389 that
774 4338 817 4388 the
836 4346 958 4389 tressurer
976 4338 1025 4387 end
1044 4338 1135 4387 herous
1153 4336 1181 4387 ol
1196 4336 1239 4389 the

133 4420 272 4485 exchequer
283 4435 349 4469 were
359 4428 387 4469 to
397 4434 447 4485 pay
457 4418 500 4470 the
511 4434 603 4485 money
614 4429 641 4471 to
652 4420 697 4470 her
709 4418 787 4485 (ibid.
801 4435 814 4470 r
828 4420 900 4470 Edw.
915 4419 928 4469 1
941 4435 976 4469 m.
988 4438 1004 4482 4
1017 4416 1042 4485 (9
1054 4420 1112 4471 Oct.
1127 4420 1220 4483 rom).
