3192 5067
151 312 206 411 v1]
465 313 662 389 Hundred
683 315 732 412 of
749 313 927 387 Flendcslz
1191 318 1261 407 263

154 507 246 566 tenet
276 504 309 566 in
341 502 525 580 Swaiham
555 502 723 579 Carleton,
755 501 944 578 Balesham,
970 509 1005 566 et
1037 499 1264 585 Badburham,

154 602 290 670 feodum
316 605 345 691 .j.
373 607 488 671 militis
515 617 549 672 et
575 608 713 672 terciam
745 615 875 691 partem
906 605 996 670 feodi
1023 605 1052 688 .j.
1079 605 1195 670 militis
1221 607 1264 670 de

154 707 253 775 feodo
276 711 482 795 Hardewyni
502 711 559 794 [de
580 710 759 794 Scalariis].
807 709 903 774 Idem
926 707 1148 793 B[aldwinus]
1163 708 1264 773 debet

154 813 183 896 .j.
210 824 334 880 sectam
366 825 399 880 et
430 815 472 880 de
502 816 630 880 auxilio
657 815 864 880 vicecomitis
893 814 996 895 ,xviii
1024 814 1178 878 denarios
1205 835 1264 898 per

154 938 288 983 annum.
335 918 466 984 Ibidem
488 929 567 984 sunt
588 919 652 1001 .vij.
675 918 753 984 hide
776 929 863 984 terre
884 916 1069 1002 geldabiles
1092 925 1126 982 et
1146 917 1199 1001 iij.
1221 920 1264 983 de

155 1023 321 1088 libertate¹
345 1023 492 1109 Elyensi,
539 1024 628 1090 clai.

364 1327 567 1391 Hundredus
588 1323 627 1389 de
648 1324 830 1390 Flenudich
852 1324 1051 1410 [FlendishJ.

225 1481 256 1544 T
252 1483 434 1546 mresham
471 1481 714 1566 [Teversham].
759 1481 948 1545 Willelmus
983 1482 1028 1546 de
1066 1481 1262 1548 WarbeIton

157 1592 248 1647 tenet
280 1583 333 1665 iij.
368 1582 465 1647 hidas
502 1593 536 1647 et
573 1583 748 1648 dimidiam
785 1582 830 1646 de
866 1583 992 1647 honore
1030 1583 1262 1650 Richmondie.

156 1686 287 1752 ibidem
304 1689 461 1753 Warinus
477 1689 706 1753 Torchenesse
727 1699 761 1752 et
778 1687 944 1753 Radulius
965 1689 1133 1774 Matefrey
1148 1701 1264 1756 tenent

154 1790 184 1873 .j.
199 1791 314 1856 hidam
335 1802 369 1856 et
389 1791 418 1874 .j.
434 1793 597 1875 virgatam
621 1803 707 1856 terre
727 1791 905 1875 geldabilis
925 1792 969 1856 de
989 1793 1115 1858 honore
1135 1795 1264 1872 eodem,

49 1979 52 1988 Ι
154 1907 189 1960 et
204 1895 329 1961 debent
343 1896 374 1980 .j.
389 1906 525 1975 sectam,
533 1907 568 1960 et
580 1899 622 1961 de
633 1895 762 1960 auxilio
774 1897 980 1961 vicecomitis
992 1899 1092 1962 .xx.d.
1132 1897 1263 1963 Ibidem

157 2000 324 2065 Robertus
340 2001 430 2066 dele
450 2001 583 2066 Maner¹
603 2011 696 2065 tenet
716 1999 747 2083 .j.
763 2000 878 2066 hidam
901 2011 989 2066 terre
1003 2003 1204 2085 geldabilem
1221 2004 1264 2068 de

155 2107 313 2191 episcopo
337 2107 485 2191 Elyensi,
507 2117 541 2171 et
563 2107 666 2171 debet
688 2106 718 2190 .j.
740 2116 877 2185 sectam,
900 2117 934 2171 et
957 2109 1001 2171 de
1024 2108 1152 2173 auxilio
1179 2109 1263 2174 vice·

156 2211 287 2276 comitis
309 2210 392 2294 ,vjat

220 2315 388 2380 Fulburne
402 2315 611 2399 [Fulboum].
654 2315 839 2380 Nicholaus
854 2317 897 2380 de
914 2316 1009 2380 Bello
1024 2317 1158 2401 Campo
1172 2327 1266 2384 tenet

156 2418 291 2484 feodum
308 2419 437 2485 dimidii
459 2420 573 2484 militis
594 2421 637 2484 de
656 2419 795 2484 domino
817 2420 911 2503 Rege
932 2421 966 2484 in
982 2422 1101 2505 capite,
1116 2431 1150 2486 et
1165 2421 1267 2487 debet

155 2523 183 2587 .i.
199 2534 335 2600 sectam,
352 2533 385 2587 et
401 2522 444 2587 de
459 2523 587 2587 auxilio
602 2523 809 2587 vicecomitis
819 2523 919 2604 iiijs,
930 2532 965 2588 et
979 2533 1073 2589 tenet
1087 2525 1153 2608 iiij.
1168 2525 1265 2590 hidas

157 2637 241 2690 terre
271 2626 462 2709 geldabiles.
510 2625 639 2691 Ibidem
673 2626 842 2690 Walterus
865 2627 910 2691 de
939 2627 1075 2692 Maners
1106 2638 1197 2694 tenet
1222 2631 1266 2695 de

158 2731 315 2815 episcopo
345 2731 494 2814 Elyensi,
519 2740 553 2795 et
583 2731 712 2796 solebat
742 2729 850 2794 facere
880 2740 1015 2809 sectam,
1038 2743 1072 2796 et
1098 2734 1199 2799 debet
1223 2736 1265 2798 de

157 2834 284 2898 auxilio
300 2835 504 2898 vicecomitis
519 2833 585 2915 ,ijs
600 2833 684 2910 md„
696 2843 731 2897 et
746 2844 840 2898 tenet
854 2835 908 2917 .iij.
920 2836 1017 2900 hidas
1032 2857 1098 2919 que
1112 2837 1267 2902 solebant

157 2959 229 3002 esse
266 2939 457 3021 geldabiles.
505 2938 635 3002 ibidem
674 2938 828 3022 Rogerus
865 2938 898 3002 la
936 2940 1048 3005 Zuche
1084 2951 1178 3006 tenet
1207 2964 1267 3027 per

156 3041 326 3124 socagium
350 3050 384 3105 et
407 3039 507 3104 debet
531 3040 601 3124 [de]
625 3042 754 3106 auxilio
771 3042 977 3106 vicecomitis
1000 3044 1028 3125 .j.
1052 3065 1199 3110 marcam
1222 3046 1265 3111 de

157 3146 283 3210 honore
319 3145 549 3209 Richmondie.
612 3145 744 3211 Ibidem
783 3147 974 3212 Willelmus
1011 3149 1098 3214 filius
1136 3151 1263 3216 WarIni

157 3261 249 3315 tenet
276 3251 410 3316 feodum
441 3252 571 3315 dimidii
597 3252 711 3316 militis
736 3254 780 3317 de
808 3252 942 3317 Comite
967 3254 1087 3319 Essem
1126 3255 1263 3321 Hamon

157 3356 339 3420 Passclewe
370 3365 462 3419 tenet
492 3355 556 3437 iiij.
595 3355 691 3420 hidas
730 3377 795 3420 non
835 3357 1021 3439 geldabiles
1053 3360 1096 3424 de
1130 3359 1264 3426 Comite

159 3459 356 3524 Marescallo
379 3480 438 3543 per
459 3461 640 3542 socagium.

222 3564 366 3628 Hintm
399 3563 542 3648 [Cherry
577 3563 732 3647 HintonJ.
779 3565 910 3629 Alanus
947 3567 990 3631 de
1025 3566 1137 3632 Neuill
1171 3578 1263 3635 tenet

158 3667 291 3731 feodum
330 3667 359 3749 .j.
397 3667 512 3731 militis
550 3668 592 3731 de
627 3666 754 3731 honore
791 3668 834 3732 de
873 3668 1074 3734 Richmond.
1132 3672 1264 3738 Ibidem

157 3771 371 3855 j[ohannes]³
400 3772 486 3835 filius
519 3773 657 3836 Henrici
692 3782 785 3836 tenet
821 3772 955 3838 seodum
989 3774 1120 3839 dimidii
1150 3777 1265 3842 militis

134 3875 200 3940 'de
229 3878 346 3940 eodem
379 3877 512 3941 honore.
573 3875 662 3939 Tota
692 3876 769 3939 villa
801 3877 903 3940 debet
932 3878 961 3959 .j.
992 3889 1129 3958 sectam,
1158 3891 1193 3945 et
1221 3884 1264 3947 de

157 3980 285 4044 auxilio
307 3981 511 4045 vicecomitis
533 3981 608 4062 viij.
631 3981 763 4044 solidos.

386 4135 465 4197 ¹1ib‘,
481 4138 538 4188 ms.

385 4217 396 4249 ²
413 4221 538 4270 Robertus
548 4219 581 4270 de
595 4219 723 4270 Maneriis.

385 4299 396 4333 ⁸
413 4305 462 4354 See
473 4303 516 4352 the
528 4312 634 4353 account
645 4304 674 4352 οἱ
683 4305 761 4354 Greek
773 4303 938 4364 Wilbrabem
954 4321 979 4370 p.
993 4303 1048 4354 262.
