3192 5067
167 1574 219 1616 The
230 1574 299 1617 Prior

166 1624 256 1667 claime

166 1681 218 1717 two
227 1687 296 1718 neree

166 1726 279 1768 between

166 1775 208 1818 the
218 1777 298 1819 caede

166 1828 216 1868 aad
225 1827 269 1869 the

167 1876 240 1919 river.

164 2635 182 2686 i.
195 2635 253 2687 6ab

341 342 409 412 168
498 340 646 415 Extant
667 342 715 440 of
732 342 793 415 thr
820 340 944 417 Castle
969 352 1011 416 at
1038 340 1261 443 Cambridge
1320 341 1440 443 [Boou

334 523 494 607 cipientes
530 527 572 590 ad
609 526 720 589 locum
755 528 813 610 qui
844 536 983 591 uocatur
1013 526 1225 594 Armeswerk
1256 526 1439 593 circuibant

333 628 496 693 fossatum
519 630 638 706 Castri,
658 632 877 696 ascendentes
901 652 1005 714 usque
1028 633 1071 696 ad
1093 631 1203 696 locum
1224 633 1280 715 qui
1302 643 1441 698 uocatur

335 732 548 816 Aswykston,
559 745 593 798 et
610 733 850 798 descendentes
866 733 1015 800 iecerunt
1031 736 1207 801 transitum
1221 757 1280 819 per
1292 736 1438 800 medium

333 838 421 901 curie
443 836 628 903 Scolacium
649 841 693 904 de
714 840 870 903 Mertone
890 862 950 923 per
970 850 1067 905 uetus
1088 840 1251 905 fossatum
1274 862 1379 925 usque
1394 841 1438 904 ad

332 942 483 1006 riueram.
531 944 575 1007 Et
596 946 734 1008 tandem
757 946 934 1009 redeuntes
950 946 1114 1009 dederunt
1130 965 1325 1029 responsum
1342 964 1438 1009 suum

332 1046 423 1126 quod
451 1055 543 1109 totus
570 1046 625 1109 ille
652 1046 809 1110 circuitus
833 1047 1008 1129 spectabat
1031 1048 1074 1111 ad
1098 1048 1306 1130 procinctum
1330 1046 1439 1112 Castri

332 1168 392 1231 per
421 1159 667 1213 sacramentum
698 1150 788 1233 quod
821 1150 978 1215 lecerunt.
1023 1152 1070 1215 Et
1100 1172 1144 1215 ex
1175 1151 1238 1215 hac
1264 1152 1439 1215 occasione

332 1266 496 1319 uenerunt
525 1256 639 1319 breuia
671 1256 774 1339 Regis
805 1258 937 1341 singula
967 1280 1068 1341 super
1097 1279 1214 1323 omnes
1248 1257 1439 1322 habitantes

331 1360 418 1423 ultra
449 1370 587 1442 pontem
617 1381 662 1424 ex
693 1369 788 1443 parte
820 1362 938 1439 Castri,
967 1360 1039 1440 Quo
1073 1362 1238 1438 Waranto,
1263 1372 1326 1437 etc„
1352 1360 1439 1425 vnde

330 1466 431 1529 timor
453 1485 571 1529 omnes
593 1464 724 1529 inuasit.

398 1570 491 1633 Prior
511 1590 590 1634 uero
608 1573 766 1652 opposuit
781 1592 818 1635 se
833 1571 947 1635 dicens
963 1572 1053 1655 quod
1070 1571 1113 1635 ad
1130 1571 1304 1636 ecclesiam
1321 1570 1438 1636 Sancti

332 1674 445 1758 Egidij
477 1674 574 1739 iuxta
604 1674 759 1739 Castrum
791 1686 886 1739 erant
916 1675 1066 1739 canonici
1097 1677 1140 1740 de
1171 1675 1372 1739 Bernewelle
1403 1676 1436 1737 in

331 1779 494 1862 principio
531 1778 671 1856 fundati,
701 1779 813 1863 ibique
849 1778 1037 1844 habuerunt
1070 1778 1218 1844 officinas
1248 1800 1326 1843 suas
1356 1780 1437 1843 satis

330 1892 570 1965 competentes,
590 1892 624 1947 et
643 1883 727 1946 duas
748 1902 841 1947 acras
862 1891 948 1946 terre
969 1892 1048 1947 ante
1069 1894 1199 1967 portam
1220 1882 1358 1949 ecclesie
1378 1902 1437 1945 sue

329 2006 443 2050 uersus
464 1986 570 2068 ripam
592 2007 637 2049 ex
658 1984 749 2049 dono
770 1983 922 2049 Matildis
945 1985 1131 2065 Comitisse,
1147 1998 1181 2051 et
1201 1988 1291 2070 quod
1312 1986 1436 2050 ibidem

329 2098 492 2153 steterunt
515 2089 666 2153 canonici
689 2110 749 2172 per
768 2090 887 2171 viginti
911 2110 1018 2153 annos
1040 2100 1221 2174 antequam
1246 2098 1356 2154 essent
1378 2109 1436 2171 per

330 2192 501 2273 Paganum
525 2192 661 2257 Peuerel
683 2192 726 2257 ad
749 2193 999 2258 Bernewelliam
1021 2194 1182 2259 translati.
1228 2194 1274 2258 Et
1289 2193 1437 2257 ostendit

329 2307 456 2362 cartam
485 2299 591 2362 Picoti
615 2298 833 2363 Vicecomitis
859 2300 916 2381 qui
943 2298 1079 2362 eosdem
1107 2299 1285 2362 canonicos
1312 2298 1435 2361 ibidem

328 2401 492 2478 iundauit,
522 2412 557 2467 et
587 2413 713 2467 cartam
746 2402 893 2486 Remigij
926 2402 1169 2467 Lincolniensis
1200 2404 1347 2487 episcopi
1378 2402 1435 2486 qui

328 2515 407 2571 tunc
435 2516 566 2590 preerat
592 2507 728 2589 dyocesi
756 2505 893 2590 Elyensi
922 2516 956 2571 et
982 2518 1107 2571 cartam
1136 2506 1262 2590 Pagani
1291 2507 1434 2571 Peuerel.

330 2611 476 2695 Populus
517 2611 624 2675 eciam
666 2610 835 2694 perhibuit
875 2612 1104 2676 testimonium
1142 2614 1185 2677 de
1223 2613 1434 2696 processione

328 2717 563 2780 canonicorum
594 2715 637 2778 de
668 2715 870 2779 Bernewelle
900 2716 1040 2799 singulis
1067 2718 1163 2781 annis
1189 2717 1232 2781 ad
1259 2716 1434 2781 ecclesiam

330 2820 444 2885 Sancti
469 2819 592 2903 Egidij

163 2933 315 3026 Therapne·
393 2923 494 2987 Vnde
521 2922 694 3006 justiciarij
727 2922 934 3007 prefixerunt
963 2925 1053 2987 diem
1082 2924 1183 2988 Priori
1215 2935 1249 2989 et
1279 2926 1435 2990 omnibus

162 3034 251 3085 lourne
238 3035 306 3077 edto
328 3027 558 3091 habitantibus
580 3027 667 3093 ultra
690 3039 829 3112 pontem
853 3049 956 3113 prope
981 3029 1136 3092 Castrum
1156 3028 1198 3093 ad
1221 3028 1431 3095 Scaccarium

162 3085 204 3127 the
215 3085 298 3136 king·

163 3146 194 3176 ex
194 3135 301 3186 thequr
257 3148 308 3179 une

330 3133 433 3215 Regis
448 3151 560 3194 coram
579 3130 763 3195 Batonibus
778 3133 822 3196 de
838 3131 1013 3197 Scaccario
1029 3132 1115 3196 adie
1129 3132 1244 3198 Sancti
1258 3132 1432 3197 Michaelis

327 3238 360 3300 in
382 3245 449 3301 tres
469 3236 674 3318 septimanas
694 3247 754 3300 etc
801 3237 898 3300 Tunc
919 3238 1011 3301 uenit
1035 3236 1181 3301 Michael
1197 3237 1377 3316 Wolward,
1398 3248 1433 3302 et

326 3360 386 3425 per
419 3350 546 3403 cartam
577 3339 686 3423 sigillo
718 3340 839 3403 Prioris
868 3350 902 3403 et
932 3340 1127 3405 Conuentus
1157 3342 1200 3405 de
1231 3341 1433 3408 Bernewelle

326 3446 492 3529 signatam
508 3444 641 3509 vocauit
658 3445 803 3508 Priorem
821 3445 863 3508 de
880 3444 1080 3508 Bernewelle
1096 3446 1138 3509 ad
1154 3444 1367 3531 war[entum]
1388 3449 1432 3512 de

326 3560 398 3615 toto
420 3558 614 3615 tenemento
633 3548 724 3631 quod
745 3548 848 3612 habet
869 3568 973 3631 prope
994 3548 1167 3612 ecclesiam
1185 3548 1300 3613 Sancti
1318 3550 1431 3634 Egidij

326 3654 549 3737 Cantebrigie.
596 3654 641 3716 Et
662 3652 755 3715 Prior
775 3654 912 3717 intrauit
931 3653 974 3716 ad
991 3653 1306 3738 war[antizandum]
1321 3656 1431 3738 ipsum

326 3758 536 3835 Michaelem,
556 3765 590 3821 et
611 3758 717 3820 eciam
737 3756 926 3838 Johannem
949 3758 1134 3837 Portehors,
1155 3758 1198 3822 de
1218 3758 1343 3824 horreis
1363 3762 1432 3823 suis

325 3864 448 3927 ibidem
476 3884 536 3946 pro
562 3861 708 3945 quadam
738 3864 879 3945 pecunie
906 3881 1037 3925 summa
1060 3882 1161 3945 quam
1188 3863 1283 3928 dedit
1312 3864 1430 3928 eidem.

325 3970 422 4033 Tunc
436 3970 542 4031 eciam
559 3968 692 4031 uocauit
704 3966 747 4031 ad
760 3978 942 4031 warentum
955 3967 1157 4053 here[dem]¹
1170 3968 1304 4033 Ricardi
1319 3969 1431 4052 Ampe

324 4077 367 4140 de
386 4093 510 4156 magno
528 4072 627 4136 solio¹
647 4082 681 4136 et
701 4082 774 4137 toto
796 4073 968 4155 mesuagio
989 4074 1080 4155 quod
1102 4083 1153 4137 est
1173 4072 1270 4137 iuxta
1291 4071 1429 4137 domum

372 4224 431 4275 ¹he
493 4226 522 4274 M
546 4261 553 4274 .

373 4225 550 4359 ¹'I’hriss’worsd
567 4309 588 4359 is
604 4309 731 4375 evidently
748 4326 841 4375 wrong.
879 4310 904 4359 It
921 4325 979 4374 may
994 4309 1026 4359 be
1042 4307 1200 4371 conjectured
1219 4307 1273 4357 that
1290 4306 1333 4358 the
1351 4308 1431 4358 scribe

324 4396 443 4446 intended
460 4402 487 4443 to
504 4394 575 4444 write
591 4396 674 4453 solari,
689 4411 721 4444 nn
738 4410 818 4460 upper
835 4410 914 4453 room,
930 4411 945 4444 a
962 4395 1031 4444 word
1049 4392 1132 4443 which
1148 4392 1288 4457 frequently
1303 4408 1389 4443 occurs
1405 4392 1431 4443 in
