3192 5067
152 382 215 483 111]
315 385 406 461 Sur't
420 382 839 481 forthessltmkos,
864 384 1100 463 Waerbeaal
1188 402 1258 487 135

272 676 324 743 -54,
370 661 558 745 beplacito
579 671 691 727 contm
717 629 918 743 Templan'os
931 671 995 745 pro
1012 632 1153 725 achila?
1255 706 1260 716 ·

563 763 604 828 de
632 763 854 829 Watcrbeclrel
888 787 891 797 ·

220 928 479 993 Memoraodum
506 893 634 1012 quod
625 946 659 992 ιιι
685 929 814 994 octabis
838 928 944 994 sancti
969 926 1147 1006 Michaelis
1174 946 1263 991 anno
1276 944 1408 1041 Mle-'¹⁷⁹'

153 1032 246 1115 regni
268 1032 395 1115 Regis
419 1032 598 1097 Eadwardi
633 1032 787 1114 septimo,
816 1034 909 1097 venit
938 1030 1102 1114 Magister
1137 1030 1262 1096 Millcie
1275 1044 1427 1139 grunnium

1297 1096 1363 1148 empl
1365 1106 1406 1139 m

152 1134 320 1218 Templi
311 1155 344 1200 ιιι
366 1135 493 1228 Anglia
513 1149 573 1221 pet
592 1143 799 1200 a'ttomatum
821 1156 918 1211 suurn
939 1154 1051 1200 coram
1065 1134 1262 1219 justiciarijs
1276 1146 1369 1240 {mg
1378 1196 1406 1238 os

153 1240 281 1304 domini
305 1240 443 1323 Regis
433 1260 467 1305 ιιι
485 1225 598 1304 banco
621 1240 712 1323 apud
732 1239 1083 1317 westmonasterium,
1104 1249 1139 1304 et
1162 1237 1263 1323 pecht
1276 1248 1376 1341 ἓξὲξ·

152 1362 267 1407 versus
290 1342 439 1408 Priorem
466 1342 510 1438 de
529 1343 740 1423 Bemewelle
765 1328 1027 1409 aduocacionem
1058 1328 1197 1409 ecclesie
1219 1343 1264 1408 de

154 1446 385 1523 Waterbeche‚
401 1456 439 1510 ut
451 1432 509 1530 jus
521 1457 582 1512 etc.
585 1466 668 1531 ,per
682 1447 784 1511 breue
801 1447 845 1512 de
865 1456 963 1511 recto.
1011 1447 1056 1511 Et
1074 1447 1164 1512 vnde
1180 1447 1294 1512 dicits.
1307 1478 1339 1526 50

153 1551 244 1631 quod
265 1550 403 1633 quidam
425 1550 790 1633 Emerious‘quondarn
811 1550 973 1633 Magister
989 1548 1113 1613 Milicie
1127 1548 1263 1633 Templi

153 1656 187 1716 in
212 1654 337 1737 Anglia
360 1653 574 1738 predecessor
598 1674 678 1717 suus
703 1653 765 1717 suit
790 1655 936 1736 seysitus
961 1654 1005 1718 de
1029 1653 1179 1737 predicta
1202 1652 1263 1717 ad·

153 1761 334 1825 uocacione
353 1770 505 1843 ternpore
525 1760 616 1843 pacis
636 1769 671 1824 et
691 1767 843 1842 tempore
863 1758 990 1822 domini
1008 1758 1112 1843 Regis
1128 1756 1263 1821 Ricardi

153 1864 392 1947 consanguinei
421 1864 551 1928 domini
582 1864 685 1947 Regis
709 1882 812 1940 nunc,
840 1864 1064 1946 presentando
1093 1863 1261 1947 quendam

152 1966 342 2049 Johannem
379 1967 421 2031 de
457 1966 647 2042 Charmels?
682 1966 838 2046 clericum
873 1988 971 2031 suurn
1003 1967 1047 2033 ad
1073 1968 1289 2061 predictam·

153 2070 337 2148 ecclesiam,
361 2073 418 2155 qui
444 2070 488 2135 ad
514 2069 802 2157 presentacionem
826 2093 922 2137 suam
948 2070 1010 2136 luit
1034 2072 1199 2139 admissus
1223 2076 1282 2137 et'

154 2176 334 2253 institutus,
358 2174 522 2261 capiendo
543 2173 623 2238 inde
645 2175 807 2259 explecia
829 2185 865 2240 ut
882 2176 920 2241 in
943 2174 1206 2241 obuencionibus
1228 2178 1263 2240 e't

153 2279 385 2345 oblacionibus
410 2288 445 2343 et
469 2277 546 2361 alijs
568 2277 611 2342 ad
634 2277 818 2343 valenciam
843 2278 980 2344 dImidie
1003 2300 1114 2391 marce
1130 2289 1206 2395 ete,
1229 2282 1263 2345 el
1326 2282 1329 2292 ‘

153 2382 244 2467 quod
267 2382 336 2448 tale
357 2382 402 2447 sit
421 2382 475 2445 ius
497 2386 595 2445 suurn
618 2378 716 2447 offert
737 2393 799 2445 etc
901 2386 903 2391 “
958 2388 962 2395 ’

221 2488 266 2552 Et
288 2487 382 2551 Prior
400 2488 444 2551 de
464 2486 668 2551 Bemew'elle
683 2506 749 2571 per
768 2492 974 2552 attornatum
996 2509 1093 2554 suum
1115 2489 1208 2553 uenit
1224 2492 1262 2552 et

153 2589 338 2656 defendit
322 2612 380 2674 Jus
403 2610 510 2666 suurn,
532 2588 669 2675 qnando
691 2600 762 2669 etc,
783 2600 819 2654 et
832 2590 927 2656 dicit
952 2593 1041 2677 quod
1066 2614 1133 2658 non
1161 2592 1261 2659 debet

154 2693 232 2759 inde
247 2694 277 2760 ei
298 2695 341 2759 ad
363 2695 427 2758 hoc
443 2696 549 2759 hreue
570 2694 779 2779 respondere,
795 2695 873 2780 quia
889 2694 969 2760 dreit
984 2698 1075 2780 quod
1085 2698 1262 2782 predictus

155 2799 319 2883 Magister
339 2798 420 2863 alias
435 2798 588 2873 incuria
610 2798 713 2883 Regis
733 2799 786 2863 hic
808 2799 885 2865 tulit
905 2802 1077 2865 consimile
1091 2802 1198 2867 breue
1218 2800 1262 2866 de

155 2912 245 2965 recto
260 2923 375 2966 versus
393 2896 668 2987 ipsum'Priorem
689 2904 732 2967 de
750 2902 904 2987 predicta
923 2903 1158 2985 aduocacione',
1173 2914 1208 2971 et
1223 2904 1261 2971 in

154 3007 347 3071 narracione
366 3027 434 3071 sua
459 3007 549 3071 dixit
575 3007 827 3091 quodquidam
851 3008 1015 3074 Ricardns
1038 3008 1081 3075 de
1104 3008 1262 3095 Hasting,

154 3110 325 3194 quondam
339 3112 503 3195 Magister
514 3110 641 3175 Milicie
649 3110 785 3195 Templi
794 3112 832 3176 in
845 3112 980 3197 Anglia,
991 3113 1052 3179 luit
1064 3114 1262 3199 seysitusde‘

153 3214 303 3299 predicta
324 3210 549 3281 ‘aduocacione
570 3225 721 3298 tempore
734 3215 871 3282 Henrici
886 3217 989 3301 Regis
999 3216 1118 3303 proa'ui
1128 3217 1261 3283 'domiui

155 3318 259 3403 Regis
283 3340 381 3396 nunc,
404 3328 441 3385 vt
466 3318 509 3384 de
535 3318 635 3383 feodo
659 3328 693 3384 et
714 3319 818 3403 jure⁸‚
845 3321 1069 3405 presentando
1093 3322 1262 3405 quendam

154 3424 309 3488 clericum
335 3444 433 3488 suurn
460 3422 503 3487 ad
530 3423 682 3502 eandem,
707 3434 742 3489 et
768 3424 859 3508 quod
886 3426 1042 3490 domiuus
1069 3424 1147 3491 Re'x
1175 3446 1263 3494 nunc

153 3536 317 3593 statuerat
351 3528 441 3612 quod
478 3526 589 3591 nullus
623 3524 779 3593 dec‘eter'o
813 3527 983 3593 audiretur
1017 3529 1183 3593 narrando
1218 3530 1261 3595 ad

154 3630 344 3696 huiusmodi
367 3631 473 3695 breue
502 3631 545 3696 de
572 3628 706 3715 se'ysina
728 3632 779 3697 sui
804 3636 1023 3698 antecessoris
1049 3634 1091 3698 de
1108 3634 1261 3701 ‘vlteriori

153 3744 306 3819 tempore
336 3754 438 3819 quam
468 3734 511 3800 de
541 3735 693 3819 tempore
722 3736 850 3801 domini
880 3736 987 3821 Regls'
1010 3735 1168 3803 Ricirdit
1215 3738 1262 3807 Et

154 3839 323 3922 predictus
343 3837 509 3923 'Magister
531 3859 598 3903 non
619 3837 730 3924 po'tuit
749 3840 831 3905 sslud
856 3839 1017 3907 dedicere
1033 3842 1036 3849 '
1051 3840 1261 3909 ¹Considera·

201 4040 212 4071 ¹
229 4041 270 4091 De
279 4041 368 4091 Banc'o
376 4040 461 4101 'Rolla
473 4040 523 4091 No.
535 4056 576 4106 31.
590 4042 648 4092 Roll
661 4058 685 4105 5.
714 4040 781 4093 This
792 4046 864 4108 eutry
872 4043 896 4094 'is
910 4044 939 4095 oi
952 4044 1052 4096 interest
1064 4060 1091 4095 as
1102 4044 1178 4112 being
1184 4044 1262 4097 luller'

154 4124 215 4174 than
230 4122 274 4173 the
290 4122 438 4174 eurolmem.
464 4124 555 4189 Many
574 4125 603 4175 ol
617 4126 662 4177 the
683 4123 802 4176 “etc-'W
819 4124 850 4177 ol'
868 4126 912 4178 the
931 4128 1005 4178 latter
1016 4144 1064 4179 are
1082 4128 1142 4179 here
1156 4138 1198 4179 set
1217 4136 1264 4182 out

152 4222 180 4257 ¹¹¹
195 4204 315 4338 :iffi-he
326 4287 372 4337 roll
385 4288 427 4337 the
438 4290 508 4339 word
520 4290 541 4340 is
552 4291 651 4341 written
662 4290 792 4343 Charuels.
891 4292 902 4325 ⁸
918 4292 993 4344 leodo
1001 4292 1072 4358 juris,
1087 4294 1145 4345 MS.

201 4370 213 4401 ⁴
229 4370 268 4434 By
282 4370 327 4421 the
341 4369 440 4421 statute
454 4370 484 4420 oi
496 4371 671 4423 Wesnninster
687 4374 730 4423 the
748 4372 824 4432 First,
839 4375 930 4440 possed
946 4374 973 4424 in
989 4390 1005 4425 a
1023 4376 1174 4428 Parliament
1191 4377 1262 4429 there

153 4452 294 4502 assemblerl
311 4467 342 4501 ιι
359 4450 443 4517 April,
465 4467 536 4517 ¹²75·
554 4454 597 4504 tlre
612 4453 674 4504 time
689 4454 729 4505 lor
744 4471 761 4505 a
773 4456 833 4507 wn‘t
850 4456 879 4507 of
892 4457 959 4523 right
976 4458 1150 4517 wuslimited.
