3192 5067
125 361 202 462 vu]
436 362 474 436 T
469 370 598 436 enants
624 361 665 435 in
701 359 938 461 ngcnhall
1165 376 1233 451 317

81 553 87 560 '
127 548 294 631 Johannis
317 548 348 613 le
370 548 512 632 Draper‚
535 547 700 631 Stephani
722 548 765 612 de
791 547 1008 624 Newenham,
1034 545 1171 610 Henrici
1195 546 1238 609 de

128 652 321 730 Wodhulle,
345 653 505 735 Symonis
533 654 564 718 le
588 653 776 730 Marchant‚
799 650 939 715 Roberti
965 650 997 714 ie
1022 649 1238 727 Chaunceler‚

128 758 295 840 Johannis
324 757 355 822 le
382 757 599 841 Charpenter‚
631 757 763 821 Thome
793 755 825 820 le
856 756 994 838 Draper‚
1024 755 1164 819 Walteri
1195 755 1239 817 de

131 863 228 929 Dale.
285 864 407 928 Postea
436 864 529 928 venit
565 863 739 946 Philippus
769 863 812 926 de
847 861 1059 943 Scyreburne
1095 868 1130 924 et
1160 859 1237 922 iecit

132 968 238 1031 Priori
255 966 397 1048 Symoni
413 965 621 1042 fidelitatem,
636 975 670 1030 et
691 965 802 1029 reddit
822 985 881 1048 per
901 983 1025 1027 annum
1043 965 1097 1028 ix.
1114 962 1238 1025 solidos

130 1079 166 1134 et
183 1071 258 1152 ‚viij.
280 1070 444 1149 denarios,
463 1081 497 1134 et
517 1069 596 1133 inde
618 1069 696 1133 fecit
716 1069 877 1151 scripturn
899 1087 1024 1131 nouum
1046 1067 1156 1149 sigillo
1178 1086 1240 1128 suo

130 1176 312 1258 signatum.
358 1175 426 1242 Sed
454 1178 554 1239 ceteri
580 1185 735 1239 tenentes
761 1173 897 1239 soluunt
923 1182 1033 1237 totum
1062 1171 1238 1246 residuum,

131 1281 259 1344 scilicet
275 1280 396 1362 singuli
413 1301 474 1363 pro
489 1280 646 1364 porcione
660 1299 762 1362 quam
779 1288 896 1344 tenent
911 1278 954 1342 de
970 1279 1089 1341 eodem
1107 1275 1212 1339 feodo.

387 1634 437 1700 27.
482 1617 699 1702 [Wygmhale
719 1617 989 1701 (Wzggenhalffl

201 1778 260 1860 Hij
291 1788 369 1842 sunt
400 1787 552 1843 tenentes
584 1777 704 1841 Prioris
730 1778 773 1843 de
801 1777 1004 1842 Bemewelle
1031 1779 1064 1840 in
1091 1777 1170 1841 villa
1196 1776 1239 1840 de

133 1883 363 1968 Wygenhaie:

200 2013 318 2078 Abbas
348 2013 390 2077 de
418 2014 567 2078 Derham
594 2015 696 2078 debet
723 2036 783 2098 per
809 2033 934 2078 annum
962 2035 1057 2078 .xxx.
1084 2015 1239 2077 denarios

133 2139 195 2201 pro
209 2119 381 2183 sexdecim
397 2120 481 2182 acris
497 2127 583 2182 terre
598 2140 682 2202 quas
697 2128 789 2183 tenet
806 2120 839 2181 in
857 2117 1014 2201 Heydole
1029 2139 1094 2201 que
1107 2117 1239 2181 suerunt

134 2225 305 2306 quondam
330 2223 467 2289 Andree
496 2224 660 2307 Herneys,
683 2232 717 2286 et
745 2223 933 2287 Wilielmus
963 2221 1111 2286 Howard
1139 2222 1239 2286 debet

133 2327 184 2409 ,vj.
201 2327 355 2391 denarios
376 2349 437 2411 pro
458 2328 631 2410 mesuagio
651 2328 801 2390 eiusdem
824 2325 912 2389 feodi
933 2335 968 2389 et
988 2325 1183 2408 homagium
1205 2335 1239 2389 et

134 2432 321 2514 scutagium
337 2452 414 2495 cum
430 2433 587 2496 euenerit.

203 2537 288 2601 Item
314 2537 476 2601 Katerina
491 2535 558 2600 tilia
574 2536 675 2601 Alani
694 2536 737 2600 de
758 2537 893 2600 Fittone
914 2535 1015 2600 debet
1035 2553 1238 2618 perannum

134 2662 172 2706 .v.
195 2643 349 2706 denarios
372 2662 433 2724 pro
455 2651 542 2705 terra
560 2641 646 2703 vltra
667 2660 789 2722 aquarn
811 2661 877 2723 que
895 2641 981 2704 iacet
1003 2641 1099 2703 iuxta
1117 2648 1238 2703 terram

134 2745 297 2830 Johannis
314 2745 499 2811 Herebron.

203 2851 288 2915 Item
312 2850 479 2915 Henricus
504 2849 696 2932 capellanus
717 2850 819 2914 debet
840 2849 869 2931 .j.
892 2849 1066 2913 denarium
1088 2869 1149 2931 pro
1174 2869 1239 2912 vno
1252 2852 1269 2903 f·
1288 2865 1332 2917 ¹7⁷

136 2955 307 3038 mesuagio
323 2957 420 3018 iuxta
435 2953 620 3038 predictam
636 2964 758 3017 terram
776 2952 946 3017 Katerine.

203 3059 288 3122 Item
313 3058 484 3140 Johannes
512 3057 711 3121 Herebrond
734 3058 837 3122 debet
862 3077 1066 3140 perannum
1094 3056 1157 3139 .vij.
1184 3058 1241 3120 de·

136 3165 245 3227 uarios
268 3185 329 3247 pro
350 3184 417 3228 vno
439 3164 611 3245 mesuagio
634 3163 730 3227 iuxta
755 3164 963 3246 mesuagium
987 3161 1099 3244 vicarij
1125 3160 1240 3228 Sancti

136 3268 302 3334 Germani.

203 3373 288 3437 item
311 3373 453 3437 vicarius
480 3371 596 3438 Sancti
620 3373 779 3438 Germani
806 3372 908 3436 debet
932 3371 960 3455 .j.
984 3371 1158 3436 denarium
1182 3392 1242 3456 per

136 3499 260 3543 annum
277 3498 337 3561 pro
353 3477 526 3560 mesuagio
541 3498 603 3542 suo
619 3478 716 3542 iuxta
731 3477 916 3542 ecclesiam.

203 3581 289 3646 Item
306 3581 470 3645 Katerina
487 3579 659 3645 Germund
676 3579 786 3643 reddit
798 3600 858 3663 per
870 3600 995 3644 annum
1008 3579 1076 3663 .xij.
1087 3580 1242 3644 denarios

137 3707 196 3771 pro
211 3696 299 3752 terra
315 3705 380 3769 que
395 3696 446 3749 est
461 3685 505 3748 de
520 3684 620 3748 feodo
636 3684 757 3747 Prioris
773 3685 816 3749 de
832 3683 1027 3750 Westacre¹.

202 3791 288 3855 Item
311 3789 429 3854 eadem
452 3789 616 3854 Katerina
639 3789 749 3853 reddit
771 3809 831 3872 per
853 3809 979 3854 annum
1003 3789 1057 3871 iij.
1078 3790 1243 3865 denarios,

136 3906 170 3960 et
183 3894 354 3977 Johannes
370 3891 542 3958 Germund
559 3892 660 3957 irater
681 3892 752 3956 eius
773 3892 885 3957 reddit
907 3891 991 3956 alios
1013 3893 1067 3976 iij.
1087 3894 1243 3958 denarios

137 4019 197 4083 pro
212 4008 299 4062 terra
313 4017 379 4080 que
395 3996 492 4062 Chun
509 3998 552 4061 de
568 3996 777 4060 Marham2...

204 4102 289 4166 Item
312 4101 483 4184 Johannes
507 4101 638 4183 Kewyn
662 4101 771 4166 reddit
793 4122 854 4187 per
876 4120 1001 4164 annum
1024 4102 1160 4165 obolum
1183 4123 1243 4185 pro

137 4220 223 4273 terra
238 4227 339 4289 quam
356 4205 545 4270 Willelmus
563 4204 711 4270 Howard
729 4204 832 4269 modo
848 4214 949 4270 tenet.

397 4353 494 4404 ¹West
506 4370 572 4412 acra,
585 4353 657 4412 Ms.;
675 4353 721 4402 bur
732 4369 775 4403 see
786 4369 811 4418 p.
827 4353 883 4418 318.

397 4434 409 4468 ²
426 4436 481 4486 The
493 4435 545 4488 line
555 4437 618 4487 ends
628 4437 747 4502 abruptly
757 4435 819 4487 with
831 4435 880 4486 this
891 4435 972 4486 word.
