3192 5067
126 348 180 445 1v]
322 350 494 445 vr'carage
515 348 714 447 settledby
739 349 881 447 Birlrnp
906 350 953 447 of
971 348 1009 422 E
1011 350 1047 447 ly
1159 370 1225 420 211

124 543 317 605 perceperunt,
330 536 544 605 quatuordecim
561 535 667 591 solidos
682 553 793 591 annuos
805 547 941 607 perpetuo
956 536 1130 603 remiserunt,
1145 534 1231 590 saluis
1245 525 1380 618 fhffieb‘ffl

123 623 232 677 eisdem
244 640 292 678 sex
306 624 405 679 solidis
421 624 542 680 residuis
558 625 703 681 soluendis
717 625 926 681 Eiemosinario
944 625 980 679 de
998 623 1169 679 Bernewelie
1181 638 1232 693 per
1244 625 1368 728 afflig!

123 714 177 767 loci
190 713 327 768 vicarium
340 713 494 768 annuatim.
1244 727 1307 769 trem
1317 726 1378 767 nrm.

178 801 245 854 Post
272 800 346 854 hanc
376 810 472 855 autem
502 799 714 855 ordinacionem
744 800 889 870 Johannes
922 801 1054 855 Porthors
1083 800 1231 870 burgensis
1245 795 1339 839 ΘΗΜ·

1325 846 1375 887 obn

125 888 311 957 Cantebrigie‚
330 890 455 959 prodeo
474 898 503 944 et
525 890 615 945 salute
635 889 729 945 anime
747 906 806 957 sue,
824 900 852 945 et
871 890 910 945 ad
928 888 1161 946 exoneracionem
1180 904 1230 943 seu
1245 846 1372 945 aitiori,

123 976 323 1032 liberacionem
339 977 530 1047 predictorum
542 977 661 1033 fratrum
677 978 713 1034 de
732 978 870 1043 Canneio‚
884 976 962 1032 dedit
979 976 1119 1033 concessit
1134 986 1162 1031 et
1180 992 1231 1030 sua
1245 948 1278 1039 2?
1300 958 1353 1039 :12⁸-

123 1075 201 1120 carta
219 1066 397 1120 confirmauit
416 1066 549 1136 predictis
570 1066 658 1121 Priori
676 1076 706 1121 et
724 1067 877 1121 conuentui
897 1065 932 1120 de
955 1064 1126 1120 Bemewelie
1145 1080 1229 1119 vnam
1244 1048 1396 1141 {gffgffium

124 1168 249 1208 marcam
266 1153 354 1209 annui
370 1154 497 1209 redditus
513 1154 725 1225 percipiendam
741 1154 819 1225 apud
836 1154 1047 1221 Cantabrigiam
1065 1152 1101 1207 de
1118 1150 1231 1223 quibus·
1244 1149 1379 1241 ἱῗεᾞὼ

123 1242 190 1295 dam
202 1242 334 1297 domibus
346 1243 596 1299 Archidiaconatui
610 1244 727 1314 Elyensi
739 1244 846 1299 ibidem
859 1242 985 1298 annexis.
1244 1269 1297 1311 τῃ.
1306 1280 1344 1311 re-

177 1330 232 1383 Pro
244 1329 365 1385 residuis
377 1340 472 1385 autem
485 1342 551 1385 octo
563 1331 687 1387 denariis
699 1331 746 1403 qui
759 1331 796 1386 de
809 1330 893 1386 dictis
905 1328 1119 1401 quatuordecim
1133 1327 1231 1384 solidis
1244 1320 1396 1423 ffifflgm

123 1417 224 1471 annuis
237 1430 434 1474 remanserunt
446 1419 580 1491 predictis
595 1420 682 1475 Priori
696 1432 724 1476 et
736 1420 890 1476 concentui
903 1420 939 1474 de
953 1418 1124 1473 Bemeweile
1136 1427 1163 1473 et
1177 1418 1230 1472 loci
1244 1422 1381 1522 mede&

123 1504 228 1559 vicario
246 1506 336 1560 sancti
355 1507 494 1577 Johannis
511 1525 563 1579 per
578 1507 721 1579 predictos
741 1507 867 1563 Priorem
884 1518 912 1563 et
928 1506 1032 1561 iratres
1046 1504 1082 1561 de
1100 1507 1231 1561 Carmelo
1244 1522 1356 1565 enecar-

122 1602 165 1649 est
183 1594 307 1663 plenarie
324 1595 508 1663 satisfactum,
521 1606 550 1651 et
567 1613 652 1669 super
667 1595 902 1668 appropriacione
918 1594 1008 1650 tocius
1025 1592 1152 1649 redditus
1169 1610 1231 1664 pre·
1245 1573 1378 1683 3⁶2¹*ssssOE

123 1680 190 1736 dicti
204 1684 351 1739 adomino
363 1686 443 1753 Rege
454 1684 574 1740 licencia
588 1686 746 1755 impetrata.
1246 1691 1369 1734 enecon-

179 1771 241 1825 Nos
257 1781 353 1827 autem
370 1772 489 1843 predicti
502 1773 581 1829 Prior
593 1774 630 1828 de
645 1774 816 1829 Bemewelie
832 1782 859 1827 et
872 1771 998 1826 eiusdem
1010 1770 1064 1825 loci
1075 1781 1232 1827 conuentus
1246 1739 1383 1839 ffiivfen,

123 1867 151 1912 et
166 1857 287 1913 vicarius
305 1860 401 1915 Sancti
419 1860 557 1930 Johannis
574 1878 625 1931 pro
643 1860 726 1915 nobis
742 1870 771 1916 et
788 1860 999 1915 successoribus
1014 1859 1126 1926 nostris,
1139 1868 1166 1913 et
1179 1876 1232 1915 nos
1245 1843 1287 1936 {ne
1297 1839 1397 1939 {ffffif‘

125 1945 242 2015 predicti
269 1946 348 2001 Prior
369 1957 398 2002 et
419 1948 519 2003 iratres
544 1948 580 2003 de
602 1948 734 2003 Carmelo
757 1947 794 2002 de
816 1947 998 2017 cantebrigia
1022 1960 1074 2017 pro
1098 1946 1182 2001 nobis
1202 1956 1231 2002 et
1245 1893 1374 2037 'ltsshfnd

124 2033 334 2088 successoribus
356 2034 460 2089 nostris
480 2035 671 2105 promittimus
690 2036 787 2090 omnia
805 2046 833 2090 et
852 2034 962 2103 singula
983 2033 1145 2105 supradicta
1164 2034 1231 2090 fide·
1245 2045 1361 2089 bremun
1372 2041 1400 2083 or

124 2121 187 2175 liter
204 2121 348 2176 obseruari
367 2132 396 2177 et
415 2121 442 2176 in
463 2123 541 2176 nullo
559 2123 671 2193 penitus
690 2123 838 2179 contraire.
1246 2094 1376 2235 ἓῗῑᾞξῗιζ

180 2210 213 2262 In
233 2208 314 2264 cuius
332 2209 372 2265 rei
392 2209 586 2265 testimonium
605 2227 657 2265 nos
676 2210 795 2281 predicti
815 2210 943 2265 officialis
961 2220 988 2265 et
1007 2209 1232 2277 archidiaconus,
1246 2200 1362 2297 ζξξξξξξ
1370 2204 1392 2234 ¹⁸

124 2306 152 2351 et
169 2313 222 2351 nos
236 2296 355 2367 predicti
374 2296 453 2350 Prior
470 2308 499 2351 et
518 2307 675 2351 conuentus
692 2297 728 2351 de
748 2298 927 2363 Bernewelle,
940 2307 969 2352 et
988 2297 1095 2367 Symon
1111 2296 1233 2351 vicarius
1246 2302 1321 2339 ment.

124 2383 275 2456 predictus,
300 2401 411 2439 necnon
438 2393 466 2439 et
490 2401 544 2439 nos
567 2384 686 2455 predicti
713 2385 792 2439 Prior
816 2396 845 2440 et
869 2394 1026 2440 conuentus
1051 2384 1167 2440 fratrum
1197 2384 1233 2439 de
1248 2348 1334 2454 ἐξῇ)

126 2472 257 2526 Carmeio
270 2470 363 2541 sigilla
376 2482 473 2526 nostra
489 2472 555 2526 huic
572 2471 677 2543 scripto
696 2473 725 2528 in
742 2472 859 2528 modum
876 2472 1014 2542 cirograffi
1028 2472 1119 2527 diuiso
1136 2483 1233 2527 mutuo
1246 2462 1342 2505 ’Μ-

125 2558 257 2613 duximus
271 2560 451 2629 apponenda.
490 2560 597 2614 Datum
611 2559 795 2630 Cantabrigie
811 2574 886 2614 anno
900 2559 1006 2614 domini
1020 2568 1131 2614 .m⁰.cc⁰.
1145 2575 1233 2613 nona·

124 2646 235 2715 gesimo
247 2658 349 2717 quarto
361 2647 426 2717 .xij⁰.
440 2646 495 2700 kal.
509 2647 643 2717 Januarii.

180 2736 243 2789 Nos
255 2734 340 2803 igitur
351 2735 476 2804 predicte
492 2735 712 2804 composicionis
723 2734 844 2791 {onnam
858 2736 1006 2791 honestam
1022 2734 1234 2791 considerantes

125 2824 224 2878 etrite
245 2822 405 2879 confectam
426 2840 460 2879 ex
482 2833 560 2879 certa
580 2825 761 2880 consciencia
779 2825 872 2896 ipsam
894 2824 1061 2879 auctoritate
1080 2824 1233 2895 pontificali

125 2919 223 2965 tenore
235 2910 413 2981 presencium
430 2912 639 2980 confirmamus,
652 2924 679 2967 et
696 2912 868 2984 precipimus
885 2913 1042 2967 secundum
1060 2929 1174 2968 omnem
1191 2914 1233 2967 sui

125 3010 252 3055 tenorem
287 3000 430 3071 perpetuis
460 3000 635 3071 temporibus
665 3001 865 3057 inuiolabiliter
895 3001 1047 3069 obseruari,
1078 3001 1131 3057 sub
1161 3018 1235 3073 pena

126 3086 242 3142 maioris
264 3088 577 3157 excommunicacionis,
599 3106 685 3160 quam
709 3090 877 3163 proferimus
900 3090 928 3144 in
950 3107 1049 3146 omnes
1071 3090 1119 3163 qui
1141 3090 1234 3147 eidem

125 3171 301 3228 ordinacioni
316 3172 344 3226 in
357 3173 452 3243 aliqua
465 3174 507 3227 sui
521 3184 602 3243 parte
615 3184 721 3230 temere
734 3175 863 3230 duxerint
876 3174 1023 3229 contraire.

183 3261 216 3314 ln
237 3262 316 3315 cuius
338 3261 377 3315 rei
399 3262 593 3317 testimonium
614 3264 738 3335 presenti
761 3264 866 3334 scripto
887 3262 1011 3332 sigilium
1035 3272 1162 3319 nostrum
1186 3280 1232 3335 ap
1248 3266 1399 3318 anelat-nep

128 3348 280 3419 posuimus.
318 3350 426 3404 Datum
443 3352 520 3422 apud
538 3352 657 3408 Dittone
672 3364 774 3424 quarto
791 3352 854 3407 idus
871 3351 1024 3421 Februarij,
1038 3369 1114 3407 anno
1128 3352 1234 3409 domini
1248 3316 1398 3417 iuterim

128 3444 230 3492 m⁰.cc⁰.
244 3437 431 3507 nonagesimo
444 3449 544 3508 quarto
556 3449 584 3495 et
599 3439 784 3496 Pontificatus
796 3440 885 3496 nostri
899 3439 1006 3511 quinto.
1249 3418 1385 3521 ffflssfy’

288 3724 334 3791 19.
378 3706 431 3771 De
451 3708 670 3775 mutabilitate
683 3711 840 3791 fratrum
861 3709 901 3772 de
925 3708 1079 3775 Carmelo.

196 3858 327 3922 Fratres
349 3860 391 3923 de
415 3858 571 3925 Carmelo
593 3861 683 3943 prius
705 3858 904 3925 habitabant
927 3862 1016 3944 apud
1038 3862 1235 3928 Cestertone
1249 3869 1394 3964 fflfflss„

129 3965 163 4027 in
177 3963 251 4027 ioco
262 3964 318 4047 qui
331 3965 520 4048 appellatur
532 3964 565 4029 la
577 3964 706 4041 Carme,
718 3974 752 4028 et
764 3964 951 4029 habuerunt
962 3966 1084 4049 singuli
1100 3967 1235 4033 cellulas
1248 3970 1388 4072 {magu

128 4067 287 4149 singulas.
332 4070 453 4132 Postea
482 4090 518 4132 se
547 4067 787 4132 transtulerunt
819 4069 923 4151 usque'
953 4068 996 4133 ad
1028 4070 1393 4165 Newennamgppgpggfe

128 4182 226 4237 extra
239 4171 498 4255 Cantebrigiam‚
507 4181 541 4237 et
551 4173 700 4237 iecerunt
712 4172 757 4236 ibi
769 4172 906 4237 cellulas
918 4175 1037 4256 piures,
1046 4176 1234 4241 ecclesiam·

128 4298 194 4360 que
209 4276 389 4341 claustrum
407 4288 440 4340 et
456 4276 698 4352 dormitorium,
712 4286 746 4340 et
764 4274 914 4341 officinas
936 4279 1135 4343 necessarias
1156 4282 1236 4344 satis

129 4382 288 4445 honestas
310 4390 578 4453 construxerunt,
599 4391 634 4444 et
657 4380 780 4445 ibidem
806 4403 864 4466 per
886 4384 1108 4465 quadraginta
1131 4404 1237 4448 annos

1060 4532 1155 4589 14-a
