3192 5067
146 343 212 447 111]
349 347 387 419 T
378 346 424 419 hc
447 346 571 421 Prior
594 346 626 419 z's
641 346 782 443 forced
802 355 838 419 to
864 346 1066 420 contribule
1187 368 1255 440 179

211 535 308 599 Tunc
330 534 391 599 tuit
412 534 573 618 judicium
597 537 714 601 datum
737 535 828 619 quod
854 535 947 599 Prior
968 536 1192 601 contribueret
1211 535 1254 601 ad
1268 538 1402 632 ffifflff

145 639 337 703 communia
352 640 621 717 amerciamenta,
633 639 723 723 quod
739 660 912 722 nunquam
926 649 1026 704 antea
1038 638 1124 703 iecit.
1155 640 1256 703 Vnde
1268 639 1398 731 *32¹*ss

146 741 298 805 homines
314 742 357 805 de
374 742 571 825 Maddingle
587 744 747 826 petebant
769 744 825 807 .ii.
845 763 983 819 marcas,
998 744 1057 807 sed
1074 754 1255 827 antequam
1269 750 1387 832 {2323ss

146 845 360 924 soluerentur,
376 847 545 930 predictus
565 847 736 931 Johannes
758 850 801 912 de
824 848 990 931 Kyrkeby
1011 856 1162 912 mortuus
1180 854 1255 912 est¹.

147 952 268 1015 Postea
290 951 443 1015 homines
465 954 508 1017 de
532 952 731 1035 Maddingle
753 951 997 1017 distrinxerunt
1024 952 1169 1016 Priorem
1198 972 1257 1035 per
1269 957 1421 1050 {met-¹⁸

146 1054 258 1118 aueria
287 1074 405 1119 caruce
435 1075 495 1139 pro
525 1057 623 1119 dictis
654 1058 711 1121 .ii.
742 1058 871 1133 marcis,
897 1066 931 1120 et
962 1057 1038 1120 ideo
1065 1057 1257 1140 impetrauit
1269 1058 1415 1152 giggffl

147 1161 241 1224 Prior
262 1160 326 1225 hoc
347 1160 457 1226 breue.

300 1482 368 1530 112.
413 1466 519 1531 Breue
539 1478 651 1533 contra
673 1468 818 1531 hominus
839 1468 878 1531 de
899 1466 1102 1552 Maddingle.

200 1618 382 1693 E[dwardus]
401 1622 456 1676 Dei
475 1620 572 1691 gracia
591 1630 643 1676 etc.
681 1620 712 1676 Si
735 1622 815 1676 Prior
834 1622 871 1677 de
894 1622 1065 1678 Bemewelle
1085 1622 1182 1677 iecerit
1203 1619 1256 1693 [te]
1268 1627 1368 1729 mn

146 1726 276 1765 securum
298 1709 334 1762 de
356 1708 458 1763 clamio
477 1726 529 1763 suo
547 1709 745 1780 prosequendo
764 1719 831 1765 tunc
850 1726 925 1779 pone
944 1727 994 1780 per
1012 1710 1096 1765 vadia
1114 1719 1141 1765 et
1160 1710 1255 1765 saluos
1268 1726 1407 1769 monewno

146 1797 254 1868 plegios
275 1796 451 1852 willelmum
472 1796 561 1851 filium
585 1796 701 1852 Roberti
723 1797 760 1852 de
783 1798 958 1868 Maddlngle,
977 1799 1117 1867 Jacobum
1139 1799 1255 1868 Waryn,
1268 1777 1378 1870 ξζῗῃᾟ·

148 1886 291 1953 Rogerum
319 1884 426 1951 Elrich,
451 1884 612 1955 Johannem
635 1884 763 1953 Alsteyn,
789 1884 963 1939 Willelmum
995 1884 1083 1939 filium
1116 1884 1255 1954 Hugouis,
1268 1877 1329 1920 ΝΜ·

146 1976 306 2047 Johannem
324 1974 412 2029 filium
432 1973 545 2043 Rogeri,
563 1974 723 2045 Johannem
742 1975 768 2027 le
786 1972 940 2041 Wardeyn,
959 1974 1104 2043 Rogerum
1122 1973 1256 2040 vendoil,

148 2060 701 2126 NicholaumAlisandre,Nicholaumle
710 2062 846 2127 Caretter,
856 2060 1011 2115 Ricardum
1020 2059 1107 2115 filium
1117 2060 1256 2127 lingonis,

148 2149 333 2205 Benedictum
350 2148 440 2203 filium
458 2150 598 2218 Hugouis,
611 2148 785 2203 Willelmum
802 2150 882 2217 Egle,
895 2160 924 2203 et
936 2147 1112 2202 Willelmum
1125 2147 1161 2203 de
1175 2148 1257 2202 Mad-

146 2238 250 2307 dingle,
264 2237 341 2307 quod
358 2236 415 2290 sint
432 2252 529 2290 coram
544 2235 708 2306 justiciarijs
725 2236 830 2290 nostris
847 2236 922 2305 apud
936 2234 1223 2289 westmonasterium
1240 2251 1257 2288 a

146 2325 192 2379 die
206 2323 303 2379 Sancti
318 2323 467 2378 Michaelis
480 2322 508 2377 in
522 2332 579 2377 tres
592 2324 776 2394 septimanas,
788 2322 928 2378 ostensuri
944 2339 1031 2392 quare
1048 2338 1113 2377 cum
1130 2322 1168 2376 ad
1182 2338 1256 2376 com·

146 2428 262 2468 munem
274 2412 424 2467 utilitatem
437 2411 516 2480 regni
529 2412 619 2466 nostrl
632 2411 782 2466 statuimus
798 2411 876 2481 quod
892 2411 985 2465 nullus
1002 2411 1038 2465 de
1055 2426 1142 2478 regno
1160 2419 1257 2464 nostro

147 2500 331 2569 distringatur
351 2516 402 2570 per
422 2498 519 2553 aueria
539 2515 706 2553 carucarum
727 2515 852 2564 suarum,
874 2500 918 2554 vel
943 2515 993 2569 per
1016 2515 1085 2553 oues
1110 2514 1184 2565 suas,
1206 2513 1257 2568 pro
1270 2500 1287 2549 t.
1300 2500 1330 2564 ⁶⁷

147 2588 245 2644 debito
263 2598 361 2642 nostro
379 2595 428 2641 aut
447 2586 548 2653 alieno,
567 2595 616 2639 aut
632 2585 689 2640 alia
707 2601 886 2656 quacumque
905 2586 1055 2641 occasione
1071 2601 1121 2654 per
1137 2584 1257 2639 balliuos

147 2687 259 2731 nostros
272 2684 321 2729 aut
333 2674 460 2740 aliorum,
470 2673 605 2745 quamdiu
618 2674 676 2727 alia
687 2674 784 2729 aueria
795 2674 900 2730 habeat
914 2692 964 2745 per
980 2691 1035 2743 que
1050 2672 1258 2728 racionabiliter

147 2763 286 2819 districtio
304 2780 388 2832 super
406 2763 500 2833 ipsum
518 2762 577 2818 fieri
596 2762 686 2831 possit
706 2779 756 2831 pro
775 2764 880 2818 debitis
900 2762 955 2817 illis
976 2761 1113 2827 leuandis,
1133 2760 1257 2829 exceptis

148 2851 294 2905 dumtaxat
311 2850 413 2919 auerijs
431 2849 486 2903 illis
503 2866 558 2919 que
571 2848 601 2902 in
613 2850 719 2903 damno
732 2850 850 2904 alicuius
864 2849 980 2904 inuenta
993 2848 1148 2903 secundum
1165 2848 1256 2916 legem

147 2948 176 2995 et
193 2938 426 2993 consuetudinem
443 2939 522 3008 regni
540 2938 628 2992 nostri
647 2938 787 3008 inparcari
807 2937 965 3007 contigerit,
986 2937 1071 2992 iidem
1088 2935 1257 3000 Willelmus,

147 3027 280 3096 Jacobus,
291 3028 429 3095 Rogerus,
441 3028 596 3098 Johannes,
606 3026 775 3093 willelmus,
787 3026 940 3096 Johannes,
952 3025 1106 3095 Johannes,
1120 3026 1257 3093 Rogerus,

151 3114 316 3180 Nicholaus,
344 3114 492 3182 Ricardus,
518 3113 698 3181 Benedictus,
724 3115 892 3181 Willelmus,
917 3127 944 3170 et
968 3113 1136 3182 Willelmus,
1164 3112 1259 3169 aueria

147 3202 236 3271 ipsius
255 3201 359 3257 Prioris
377 3202 413 3257 de
430 3218 533 3256 caruca
550 3218 602 3256 sua
618 3202 696 3272 apud
714 3203 881 3273 Maddingle
901 3213 1000 3259 eontra
1019 3202 1140 3257 sormam
1161 3202 1257 3257 statuti

148 3289 266 3361 predicti
289 3300 424 3361 ceperunt
446 3301 474 3345 et
495 3289 721 3360 inparcauerunt,
741 3300 769 3346 et
791 3308 826 3345 ea
846 3291 940 3347 adhuc
962 3292 1109 3362 inparcata
1130 3290 1258 3346 detinent

148 3386 247 3433 contra
259 3378 351 3449 legem
362 3386 392 3433 et
405 3376 638 3433 consuetudinem
655 3377 735 3447 regni
752 3378 841 3434 nostri
859 3388 887 3434 et
899 3388 998 3433 contra
1010 3394 1111 3448 pacem
1123 3388 1257 3433 nostram.

149 3466 187 3521 Et
212 3466 319 3521 habeas
342 3466 383 3519 ibi
404 3465 522 3519 nomina
543 3465 700 3535 plegiorum
720 3475 749 3521 et
770 3466 825 3521 hoc
846 3468 940 3523 breue.
979 3468 1017 3521 Et
1038 3466 1135 3521 aueria
1155 3466 1204 3520 illa
1224 3482 1258 3522 ea

148 3554 299 3610 occasione
317 3562 402 3625 capta
419 3553 533 3608 interim
551 3554 707 3610 deliberare
725 3554 820 3609 iacias.

216 3685 278 3748 Per
297 3683 361 3748 hoc
380 3683 480 3748 breue
502 3684 634 3747 luerunt
654 3682 807 3747 homines
828 3684 871 3748 de
893 3682 1093 3767 Maddingle
1115 3683 1257 3748 multum
1273 3684 1392 3777 ggffl‘

150 3786 279 3870 fatigati
296 3797 329 3851 et
345 3787 482 3851 tandem
499 3786 692 3850 concordati
711 3796 789 3849 sunt
810 3807 887 3850 cum
904 3786 1017 3850 Priore
1038 3807 1098 3870 pro
1119 3785 1259 3850 dimidia
1273 3784 1423 3877 ξξὲἐῃῖζζζ

151 3911 262 3955 marca
277 3910 379 3974 quam
394 3891 425 3954 ei
441 3889 606 3954 dederunt
621 3910 683 3972 pro
698 3891 821 3954 iniusta
836 3890 1051 3955 districtione.
1099 3890 1145 3954 Et
1167 3890 1259 3954 Prior
1272 3883 1349 3977 ’ῥ’ξξξῆ
1374 3897 1387 3927 ⁸

149 3996 305 4079 quamuis
319 3994 436 4058 nolens
451 3993 546 4059 dedit
561 3995 798 4058 executoribus
813 3992 1006 4079 J[ohannis]
1027 3994 1071 4058 de
1093 3994 1258 4077 Kyrkeby

150 4099 299 4181 episcopi
324 4098 481 4180 Elyensis
497 4097 555 4180 .ij.
578 4118 707 4162 marcas
728 4119 790 4182 pro
813 4099 1063 4164 contribucione
1084 4108 1259 4182 prenotata

149 4202 300 4284 superius
323 4202 412 4284 quod
437 4221 608 4284 nunquam
632 4204 724 4285 prius
746 4202 824 4268 iecit
845 4204 878 4266 in
899 4203 1133 4267 communibus
1154 4222 1259 4267 amer-

150 4306 333 4370 ciamentis.

434 4390 527 4460 ¹J0hn
545 4392 645 4459 Kirkby
661 4394 721 4443 died
739 4393 770 4443 26
788 4394 886 4450 March.
908 4409 978 4459 ¹²90·

1081 4522 1176 4565 12-2
