<?xml version="1.0" encoding="UTF-8"?>
<!DOCTYPE html PUBLIC "-//W3C//DTD XHTML 1.0 Transitional//EN"
    "http://www.w3.org/TR/xhtml1/DTD/xhtml1-transitional.dtd">
<html xmlns="http://www.w3.org/1999/xhtml" xml:lang="en" lang="en">
 <head>
  <title>
</title>
<meta http-equiv="Content-Type" content="text/html;charset=utf-8" />
  <meta name='ocr-system' content='tesseract 3.04.00' />
  <meta name='ocr-capabilities' content='ocr_page ocr_carea ocr_par ocr_line ocrx_word'/>
</head>
<body>
  <div class='ocr_page' id='page_1' title='image "./libermemorandor01clargoog_0132.png"; bbox 0 0 3192 5067; ppageno 0'>
   <div class='ocr_carea' id='block_1_1' title="bbox 344 332 1453 434">
    <p class='ocr_par' dir='ltr' id='par_1_1' title="bbox 344 332 1453 434">
     <span class='ocr_line' id='line_1_1' title="bbox 344 332 1453 434; baseline -0.003 -25"><span class='ocrx_word' id='word_1_1' title='bbox 344 344 393 427; x_wconf 89' lang='lat'>64</span> <span class='ocrx_word' id='word_1_2' title='bbox 585 336 647 434; x_wconf 87' lang='lat' dir='ltr'>Of</span> <span class='ocrx_word' id='word_1_3' title='bbox 666 336 725 408; x_wconf 78' lang='lat' dir='ltr'>tle</span> <span class='ocrx_word' id='word_1_4' title='bbox 750 336 889 409; x_wconf 74' lang='lat' dir='ltr'>Priora</span> <span class='ocrx_word' id='word_1_5' title='bbox 912 335 994 408; x_wconf 82' lang='lat' dir='ltr'>ond</span> <span class='ocrx_word' id='word_1_6' title='bbox 1014 334 1117 410; x_wconf 80' lang='lat' dir='ltr'>their</span> <span class='ocrx_word' id='word_1_7' title='bbox 1141 344 1218 409; x_wconf 86' lang='lat' dir='ltr'>ocls</span> <span class='ocrx_word' id='word_1_8' title='bbox 1336 332 1453 433; x_wconf 79' lang='lat' dir='ltr'>[BOOK</span> 
     </span>
    </p>
   </div>
   <div class='ocr_carea' id='block_1_2' title="bbox 341 517 1453 859">
    <p class='ocr_par' dir='ltr' id='par_1_2' title="bbox 341 517 1453 859">
     <span class='ocr_line' id='line_1_2' title="bbox 341 517 1452 591; baseline 0.001 -18"><span class='ocrx_word' id='word_1_9' title='bbox 341 518 451 574; x_wconf 90' lang='lat' dir='ltr'>domini</span> <span class='ocrx_word' id='word_1_10' title='bbox 478 519 565 588; x_wconf 81' lang='lat' dir='ltr'>Regis</span> <span class='ocrx_word' id='word_1_11' title='bbox 588 517 753 591; x_wconf 88' lang='lat' dir='ltr'>J[ohannis]</span> <span class='ocrx_word' id='word_1_12' title='bbox 776 536 833 591; x_wconf 91' lang='lat' dir='ltr'>que</span> <span class='ocrx_word' id='word_1_13' title='bbox 856 528 976 576; x_wconf 87' lang='lat' dir='ltr'>testatur</span> <span class='ocrx_word' id='word_1_14' title='bbox 996 521 1059 577; x_wconf 89' lang='lat' dir='ltr'>hoc.</span> <span class='ocrx_word' id='word_1_15' title='bbox 1098 522 1136 575; x_wconf 86' lang='lat' dir='ltr'>Et</span> <span class='ocrx_word' id='word_1_16' title='bbox 1157 537 1214 591; x_wconf 90' lang='lat' dir='ltr'>quo</span> <span class='ocrx_word' id='word_1_17' title='bbox 1236 520 1273 575; x_wconf 90' lang='lat' dir='ltr'>ad</span> <span class='ocrx_word' id='word_1_18' title='bbox 1297 519 1452 591; x_wconf 82' lang='lat' dir='ltr'>predictam</span> 
     </span>
     <span class='ocr_line' id='line_1_3' title="bbox 342 608 1452 682; baseline 0 -18"><span class='ocrx_word' id='word_1_19' title='bbox 342 608 444 664; x_wconf 84' lang='lat' dir='ltr'>seriam</span> <span class='ocrx_word' id='word_1_20' title='bbox 460 609 529 664; x_wconf 89' lang='lat' dir='ltr'>dicit</span> <span class='ocrx_word' id='word_1_21' title='bbox 545 609 623 680; x_wconf 90' lang='lat' dir='ltr'>quod</span> <span class='ocrx_word' id='word_1_22' title='bbox 638 609 781 679; x_wconf 91' lang='lat' dir='ltr'>predictus</span> <span class='ocrx_word' id='word_1_23' title='bbox 797 609 930 664; x_wconf 84' lang='lat' dir='ltr'>dominus</span> <span class='ocrx_word' id='word_1_24' title='bbox 948 608 1114 682; x_wconf 87' lang='lat' dir='ltr'>H[enricus]</span> <span class='ocrx_word' id='word_1_25' title='bbox 1136 626 1184 665; x_wconf 90' lang='lat' dir='ltr'>rex</span> <span class='ocrx_word' id='word_1_26' title='bbox 1204 626 1327 680; x_wconf 86' lang='lat' dir='ltr'>proauus</span> <span class='ocrx_word' id='word_1_27' title='bbox 1346 608 1452 665; x_wconf 88' lang='lat' dir='ltr'>domini</span> 
     </span>
     <span class='ocr_line' id='line_1_4' title="bbox 346 696 1453 770; baseline 0.001 -18"><span class='ocrx_word' id='word_1_28' title='bbox 346 699 436 769; x_wconf 78' lang='lat' dir='ltr'>Regis</span> <span class='ocrx_word' id='word_1_29' title='bbox 460 716 536 754; x_wconf 89' lang='lat' dir='ltr'>nunc</span> <span class='ocrx_word' id='word_1_30' title='bbox 560 716 611 770; x_wconf 88' lang='lat' dir='ltr'>per</span> <span class='ocrx_word' id='word_1_31' title='bbox 635 708 742 753; x_wconf 87' lang='lat' dir='ltr'>cartam</span> <span class='ocrx_word' id='word_1_32' title='bbox 767 716 849 755; x_wconf 88' lang='lat' dir='ltr'>suam</span> <span class='ocrx_word' id='word_1_33' title='bbox 873 698 1014 755; x_wconf 88' lang='lat' dir='ltr'><strong>concessit</strong></span> <span class='ocrx_word' id='word_1_34' title='bbox 1038 699 1157 753; x_wconf 84' lang='lat' dir='ltr'>ecclesie</span> <span class='ocrx_word' id='word_1_35' title='bbox 1182 697 1273 753; x_wconf 89' lang='lat' dir='ltr'>sancti</span> <span class='ocrx_word' id='word_1_36' title='bbox 1299 696 1394 769; x_wconf 82' lang='lat' dir='ltr'>Egidii</span> <span class='ocrx_word' id='word_1_37' title='bbox 1417 698 1453 753; x_wconf 92' lang='lat' dir='ltr'>de</span> 
     </span>
     <span class='ocr_line' id='line_1_5' title="bbox 344 786 1451 859; baseline -0.001 -18"><span class='ocrx_word' id='word_1_38' title='bbox 344 788 516 845; x_wconf 79' lang='lat' dir='ltr'>Bernewelle</span> <span class='ocrx_word' id='word_1_39' title='bbox 533 797 562 843; x_wconf 93' lang='lat' dir='ltr'>et</span> <span class='ocrx_word' id='word_1_40' title='bbox 580 788 665 859; x_wconf 87' lang='lat' dir='ltr'>priori</span> <span class='ocrx_word' id='word_1_41' title='bbox 684 798 712 844; x_wconf 89' lang='lat' dir='ltr'>et</span> <span class='ocrx_word' id='word_1_42' title='bbox 730 788 876 843; x_wconf 86' lang='lat' dir='ltr'>canonicis</span> <span class='ocrx_word' id='word_1_43' title='bbox 896 788 1002 844; x_wconf 85' lang='lat' dir='ltr'>ibidem</span> <span class='ocrx_word' id='word_1_44' title='bbox 1021 788 1076 843; x_wconf 89' lang='lat' dir='ltr'>deo</span> <span class='ocrx_word' id='word_1_45' title='bbox 1097 786 1285 843; x_wconf 88' lang='lat' dir='ltr'>seruientibus</span> <span class='ocrx_word' id='word_1_46' title='bbox 1304 786 1405 859; x_wconf 92' lang='lat' dir='ltr'>quod</span> <span class='ocrx_word' id='word_1_47' title='bbox 1397 787 1451 857; x_wconf 88' lang='lat' dir='ltr'>rpsi</span> 
     </span>
    </p>
   </div>
   <div class='ocr_carea' id='block_1_3' title="bbox 178 876 1452 947">
    <p class='ocr_par' dir='ltr' id='par_1_3' title="bbox 178 876 1452 947">
     <span class='ocr_line' id='line_1_6' title="bbox 178 876 1452 947; baseline -0.002 -17"><span class='ocrx_word' id='word_1_48' title='bbox 178 882 236 924; x_wconf 69' lang='lat' dir='ltr'>Patr</span> <span class='ocrx_word' id='word_1_49' title='bbox 245 880 310 924; x_wconf 81' lang='lat' dir='ltr'>tobe</span> <span class='ocrx_word' id='word_1_50' title='bbox 342 884 371 931; x_wconf 87' lang='lat' dir='ltr'>et</span> <span class='ocrx_word' id='word_1_51' title='bbox 384 890 563 930; x_wconf 88' lang='lat' dir='ltr'>successores</span> <span class='ocrx_word' id='word_1_52' title='bbox 576 892 619 930; x_wconf 85' lang='lat' dir='ltr'>sur</span> <span class='ocrx_word' id='word_1_53' title='bbox 611 876 776 931; x_wconf 84' lang='lat' dir='ltr'><strong>habeant</strong></span> <span class='ocrx_word' id='word_1_54' title='bbox 769 887 964 947; x_wconf 73' lang='lat' dir='ltr'>inperpetuum</span> <span class='ocrx_word' id='word_1_55' title='bbox 979 894 1065 931; x_wconf 91' lang='lat' dir='ltr'>unam</span> <span class='ocrx_word' id='word_1_56' title='bbox 1082 876 1181 931; x_wconf 85' lang='lat' dir='ltr'>feriam</span> <span class='ocrx_word' id='word_1_57' title='bbox 1194 876 1269 947; x_wconf 92' lang='lat' dir='ltr'>apud</span> <span class='ocrx_word' id='word_1_58' title='bbox 1284 876 1452 929; x_wconf 89' lang='lat' dir='ltr'>Bemewelle</span> 
     </span>
    </p>
   </div>
   <div class='ocr_carea' id='block_1_4' title="bbox 173 932 1451 1062">
    <p class='ocr_par' dir='ltr' id='par_1_4' title="bbox 173 932 1451 1036">
     <span class='ocr_line' id='line_1_7' title="bbox 176 932 365 983; baseline 0 -10"><span class='ocrx_word' id='word_1_59' title='bbox 176 932 234 974; x_wconf 83' lang='lat' dir='ltr'>held</span> <span class='ocrx_word' id='word_1_60' title='bbox 243 942 268 983; x_wconf 75' lang='grc' dir='ltr'><em>η</em></span> <span class='ocrx_word' id='word_1_61' title='bbox 359 961 365 973; x_wconf 92' lang='grc'><strong>.</strong></span> 
     </span>
     <span class='ocr_line' id='line_1_8' title="bbox 173 960 1451 1062; baseline -0.003 -44"><span class='ocrx_word' id='word_1_62' title='bbox 173 984 239 1036; x_wconf 79' lang='lat' dir='ltr'>June</span> <span class='ocrx_word' id='word_1_63' title='bbox 249 984 299 1025; x_wconf 61' lang='lat' dir='ltr'>„a</span> <span class='ocrx_word' id='word_1_64' title='bbox 342 961 460 1031; x_wconf 78' lang='lat' dir='ltr'>singulis</span> <span class='ocrx_word' id='word_1_65' title='bbox 479 963 562 1017; x_wconf 89' lang='lat' dir='ltr'>annis</span> <span class='ocrx_word' id='word_1_66' title='bbox 580 979 630 1033; x_wconf 92' lang='lat' dir='ltr'>per</span> <span class='ocrx_word' id='word_1_67' title='bbox 647 974 768 1062; x_wconf 70' lang='grc' dir='ltr'>ιιιιαῑιιοι</span> <span class='ocrx_word' id='word_1_68' title='bbox 785 963 847 1018; x_wconf 91' lang='lat' dir='ltr'>dies</span> <span class='ocrx_word' id='word_1_69' title='bbox 866 965 1030 1018; x_wconf 76' lang='lat' dir='ltr'>duraturam</span> <span class='ocrx_word' id='word_1_70' title='bbox 1049 961 1206 1018; x_wconf 91' lang='lat' dir='ltr'>uidelicet</span> <span class='ocrx_word' id='word_1_71' title='bbox 1198 978 1227 1016; x_wconf 91' lang='lat' dir='ltr'>m</span> <span class='ocrx_word' id='word_1_72' title='bbox 1246 961 1342 1031; x_wconf 84' lang='lat' dir='ltr'>uigilia</span> <span class='ocrx_word' id='word_1_73' title='bbox 1360 970 1387 1015; x_wconf 90' lang='lat' dir='ltr'>et</span> <span class='ocrx_word' id='word_1_74' title='bbox 1406 960 1451 1014; x_wconf 89' lang='lat' dir='ltr'>die</span> 
     </span>
    </p>
   </div>
   <div class='ocr_carea' id='block_1_5' title="bbox 175 1032 1452 1367">
    <p class='ocr_par' dir='ltr' id='par_1_5' title="bbox 175 1032 1452 1367">
     <span class='ocr_line' id='line_1_9' title="bbox 175 1032 1452 1135; baseline -0.004 -28"><span class='ocrx_word' id='word_1_75' title='bbox 175 1032 308 1135; x_wconf 61' lang='lat' dir='ltr'>{¹¹¹y‘ff0fl&#39;</span> <span class='ocrx_word' id='word_1_76' title='bbox 342 1060 440 1106; x_wconf 88' lang='lat' dir='ltr'>sancte</span> <span class='ocrx_word' id='word_1_77' title='bbox 462 1049 635 1106; x_wconf 87' lang='lat' dir='ltr'>Etheldrede</span> <span class='ocrx_word' id='word_1_78' title='bbox 655 1049 771 1119; x_wconf 80' lang='lat' dir='ltr'>uirginis</span> <span class='ocrx_word' id='word_1_79' title='bbox 794 1052 822 1105; x_wconf 90' lang='lat' dir='ltr'>in</span> <span class='ocrx_word' id='word_1_80' title='bbox 842 1060 942 1118; x_wconf 88' lang='lat' dir='ltr'>estate,</span> <span class='ocrx_word' id='word_1_81' title='bbox 960 1061 988 1105; x_wconf 89' lang='lat' dir='ltr'>et</span> <span class='ocrx_word' id='word_1_82' title='bbox 1010 1068 1061 1121; x_wconf 89' lang='lat' dir='ltr'>per</span> <span class='ocrx_word' id='word_1_83' title='bbox 1080 1051 1152 1105; x_wconf 87' lang='lat' dir='ltr'>duos</span> <span class='ocrx_word' id='word_1_84' title='bbox 1173 1049 1235 1105; x_wconf 92' lang='lat' dir='ltr'>dies</span> <span class='ocrx_word' id='word_1_85' title='bbox 1259 1050 1387 1120; x_wconf 87' lang='lat' dir='ltr'>proximo</span> <span class='ocrx_word' id='word_1_86' title='bbox 1411 1064 1452 1102; x_wconf 85' lang='lat' dir='ltr'>se-</span> 
     </span>
     <span class='ocr_line' id='line_1_10' title="bbox 340 1145 541 1208; baseline 0 -16"><span class='ocrx_word' id='word_1_87' title='bbox 340 1145 470 1208; x_wconf 83' lang='lat' dir='ltr'>quentes,</span> <span class='ocrx_word' id='word_1_88' title='bbox 488 1146 541 1193; x_wconf 91' lang='lat' dir='ltr'>etc</span> 
     </span>
     <span class='ocr_line' id='line_1_11' title="bbox 396 1223 1451 1296; baseline -0.002 -17"><span class='ocrx_word' id='word_1_89' title='bbox 396 1225 465 1280; x_wconf 91' lang='lat' dir='ltr'>ldeo</span> <span class='ocrx_word' id='word_1_90' title='bbox 483 1224 628 1296; x_wconf 84' lang='lat' dir='ltr'>predictus</span> <span class='ocrx_word' id='word_1_91' title='bbox 649 1226 726 1296; x_wconf 88' lang='lat' dir='ltr'>prior</span> <span class='ocrx_word' id='word_1_92' title='bbox 744 1225 852 1280; x_wconf 91' lang='lat' dir='ltr'>inde&#39;</span> <span class='ocrx_word' id='word_1_93' title='bbox 831 1243 892 1280; x_wconf 88' lang='lat' dir='ltr'>sme</span> <span class='ocrx_word' id='word_1_94' title='bbox 912 1224 958 1281; x_wconf 90' lang='lat' dir='ltr'>die</span> <span class='ocrx_word' id='word_1_95' title='bbox 980 1225 1061 1280; x_wconf 87' lang='lat' dir='ltr'>saluo</span> <span class='ocrx_word' id='word_1_96' title='bbox 1078 1225 1146 1295; x_wconf 89' lang='lat' dir='ltr'>Jure</span> <span class='ocrx_word' id='word_1_97' title='bbox 1163 1223 1272 1279; x_wconf 91' lang='lat' dir='ltr'>domini</span> <span class='ocrx_word' id='word_1_98' title='bbox 1292 1223 1378 1293; x_wconf 87' lang='lat' dir='ltr'>Regis</span> <span class='ocrx_word' id='word_1_99' title='bbox 1400 1233 1451 1277; x_wconf 92' lang='lat' dir='ltr'>etc</span> 
     </span>
     <span class='ocr_line' id='line_1_12' title="bbox 959 1312 1170 1367; baseline -0.005 0"><span class='ocrx_word' id='word_1_100' title='bbox 959 1313 1064 1367; x_wconf 93' lang='lat' dir='ltr'>Rotulo</span> <span class='ocrx_word' id='word_1_101' title='bbox 1081 1312 1170 1367; x_wconf 79' lang='lat' dir='ltr'>xxx01.</span> 
     </span>
    </p>
   </div>
   <div class='ocr_carea' id='block_1_6' title="bbox 267 1418 1454 1605">
    <p class='ocr_par' dir='ltr' id='par_1_6' title="bbox 267 1418 1454 1605">
     <span class='ocr_line' id='line_1_13' title="bbox 267 1418 1454 1501; baseline 0.001 -21"><span class='ocrx_word' id='word_1_102' title='bbox 267 1419 285 1468; x_wconf 78' lang='lat' dir='ltr'>s·</span> <span class='ocrx_word' id='word_1_103' title='bbox 298 1433 327 1469; x_wconf 74' lang='lat'>²¹</span> <span class='ocrx_word' id='word_1_104' title='bbox 407 1418 461 1482; x_wconf 82' lang='lat' dir='ltr'>De</span> <span class='ocrx_word' id='word_1_105' title='bbox 473 1419 657 1483; x_wconf 74' lang='lat' dir='ltr'>omninibus</span> <span class='ocrx_word' id='word_1_106' title='bbox 667 1418 827 1483; x_wconf 78' lang='lat' dir='ltr'>Pnomm</span> <span class='ocrx_word' id='word_1_107' title='bbox 843 1419 881 1483; x_wconf 78' lang='lat' dir='ltr'>dc</span> <span class='ocrx_word' id='word_1_108' title='bbox 895 1418 1090 1483; x_wconf 79' lang='lat' dir='ltr'>Berncwelle</span> <span class='ocrx_word' id='word_1_109' title='bbox 1102 1439 1124 1482; x_wconf 87' lang='lat' dir='ltr'>a</span> <span class='ocrx_word' id='word_1_110' title='bbox 1132 1418 1247 1501; x_wconf 80' lang='lat' dir='ltr'>prima</span> <span class='ocrx_word' id='word_1_111' title='bbox 1253 1418 1454 1500; x_wconf 81' lang='lat' dir='ltr'>fundacione</span> 
     </span>
     <span class='ocr_line' id='line_1_14' title="bbox 342 1524 732 1605; baseline 0.005 -18"><span class='ocrx_word' id='word_1_112' title='bbox 342 1534 373 1588; x_wconf 83' lang='lat' dir='ltr'>et</span> <span class='ocrx_word' id='word_1_113' title='bbox 385 1525 427 1588; x_wconf 86' lang='lat' dir='ltr'>de</span> <span class='ocrx_word' id='word_1_114' title='bbox 438 1524 584 1605; x_wconf 80' lang='lat' dir='ltr'>operibus</span> <span class='ocrx_word' id='word_1_115' title='bbox 596 1531 732 1589; x_wconf 72' lang='lat' dir='ltr'>eorum&#39;.</span> 
     </span>
    </p>
   </div>
   <div class='ocr_carea' id='block_1_7' title="bbox 592 1686 1193 1770">
    <p class='ocr_par' dir='ltr' id='par_1_7' title="bbox 592 1686 1193 1770">
     <span class='ocr_line' id='line_1_15' title="bbox 592 1686 1193 1770; baseline 0 -19"><span class='ocrx_word' id='word_1_116' title='bbox 592 1704 642 1770; x_wconf 75' lang='lat'>39</span> <span class='ocrx_word' id='word_1_117' title='bbox 686 1686 740 1751; x_wconf 85' lang='lat' dir='ltr'>De</span> <span class='ocrx_word' id='word_1_118' title='bbox 762 1686 919 1769; x_wconf 81' lang='lat' dir='ltr'>Golfrido</span> <span class='ocrx_word' id='word_1_119' title='bbox 939 1686 1059 1750; x_wconf 80' lang='lat' dir='ltr'>Priore</span> <span class='ocrx_word' id='word_1_120' title='bbox 1073 1686 1193 1770; x_wconf 83' lang='lat' dir='ltr'>primo.</span> 
     </span>
    </p>
   </div>
   <div class='ocr_carea' id='block_1_8' title="bbox 179 1827 1451 1927">
    <p class='ocr_par' dir='ltr' id='par_1_8' title="bbox 179 1827 1451 1927">
     <span class='ocr_line' id='line_1_16' title="bbox 179 1827 1451 1927; baseline -0.002 -35"><span class='ocrx_word' id='word_1_121' title='bbox 179 1834 329 1927; x_wconf 52' lang='lat' dir='ltr'>1323ng</span> <span class='ocrx_word' id='word_1_122' title='bbox 411 1828 480 1891; x_wconf 91' lang='lat' dir='ltr'>Iste</span> <span class='ocrx_word' id='word_1_123' title='bbox 501 1827 670 1893; x_wconf 86' lang='lat' dir='ltr'>Galfridus</span> <span class='ocrx_word' id='word_1_124' title='bbox 689 1836 761 1893; x_wconf 90' lang='lat' dir='ltr'>erat</span> <span class='ocrx_word' id='word_1_125' title='bbox 782 1828 961 1893; x_wconf 90' lang='lat' dir='ltr'>canonicus</span> <span class='ocrx_word' id='word_1_126' title='bbox 985 1827 1236 1903; x_wconf 88' lang='lat' dir='ltr'>Huntendonie,</span> <span class='ocrx_word' id='word_1_127' title='bbox 1257 1836 1291 1891; x_wconf 91' lang='lat' dir='ltr'>et</span> <span class='ocrx_word' id='word_1_128' title='bbox 1315 1836 1451 1890; x_wconf 90' lang='lat' dir='ltr'>uocatus</span> 
     </span>
    </p>
   </div>
   <div class='ocr_carea' id='block_1_9' title="bbox 177 1930 1451 2537">
    <p class='ocr_par' dir='ltr' id='par_1_9' title="bbox 177 1930 1451 2537">
     <span class='ocr_line' id='line_1_17' title="bbox 177 1930 1449 2028; baseline -0.002 -32"><span class='ocrx_word' id='word_1_129' title='bbox 177 1936 282 2028; x_wconf 56' lang='lat' dir='ltr'>{¹¹⁸⁶}st</span> <span class='ocrx_word' id='word_1_130' title='bbox 342 1940 414 1995; x_wconf 90' lang='lat' dir='ltr'>erat</span> <span class='ocrx_word' id='word_1_131' title='bbox 439 1930 480 1995; x_wconf 92' lang='lat' dir='ltr'>ad</span> <span class='ocrx_word' id='word_1_132' title='bbox 507 1932 654 2014; x_wconf 84' lang='lat' dir='ltr'>regimen</span> <span class='ocrx_word' id='word_1_133' title='bbox 678 1932 914 1995; x_wconf 89' lang='lat' dir='ltr'>canonicorum</span> <span class='ocrx_word' id='word_1_134' title='bbox 938 1931 1153 2015; x_wconf 85' lang='lat' dir='ltr'>Cantebrigie</span> <span class='ocrx_word' id='word_1_135' title='bbox 1175 1932 1272 1995; x_wconf 85' lang='lat' dir='ltr'>iuxta</span> <span class='ocrx_word' id='word_1_136' title='bbox 1295 1930 1449 1996; x_wconf 87' lang='lat' dir='ltr'>Castrum</span> 
     </span>
     <span class='ocr_line' id='line_1_18' title="bbox 179 2036 1451 2121; baseline -0.004 -18"><span class='ocrx_word' id='word_1_137' title='bbox 179 2036 273 2079; x_wconf 65' lang='lat'><strong>“⁸0¹¹-</strong></span> <span class='ocrx_word' id='word_1_138' title='bbox 343 2058 402 2121; x_wconf 91' lang='lat' dir='ltr'>per</span> <span class='ocrx_word' id='word_1_139' title='bbox 431 2057 629 2102; x_wconf 89' lang='lat' dir='ltr'>consensum</span> <span class='ocrx_word' id='word_1_140' title='bbox 658 2036 810 2101; x_wconf 89' lang='lat' dir='ltr'>Anselmi</span> <span class='ocrx_word' id='word_1_141' title='bbox 839 2036 1088 2103; x_wconf 77' lang='lat' dir='ltr'>cantuariensis</span> <span class='ocrx_word' id='word_1_142' title='bbox 1114 2036 1391 2120; x_wconf 85' lang='lat' dir='ltr'>Archiepiscopi⁸,</span> <span class='ocrx_word' id='word_1_143' title='bbox 1417 2045 1451 2099; x_wconf 90' lang='lat' dir='ltr'>et</span> 
     </span>
     <span class='ocr_line' id='line_1_19' title="bbox 178 2118 1450 2225; baseline -0.008 -14"><span class='ocrx_word' id='word_1_144' title='bbox 178 2118 319 2220; x_wconf 47' lang='lat' dir='ltr'>idipsis„</span> <span class='ocrx_word' id='word_1_145' title='bbox 344 2142 488 2225; x_wconf 82' lang='lat' dir='ltr'>Remigij</span> <span class='ocrx_word' id='word_1_146' title='bbox 512 2141 755 2206; x_wconf 90' lang='lat' dir='ltr'>Lincolniensis</span> <span class='ocrx_word' id='word_1_147' title='bbox 777 2140 960 2224; x_wconf 86' lang='lat' dir='ltr'>Episcopi⁴,</span> <span class='ocrx_word' id='word_1_148' title='bbox 976 2160 1016 2204; x_wconf 90' lang='lat' dir='ltr'>eo</span> <span class='ocrx_word' id='word_1_149' title='bbox 1037 2140 1127 2223; x_wconf 94' lang='lat' dir='ltr'>quod</span> <span class='ocrx_word' id='word_1_150' title='bbox 1150 2142 1201 2205; x_wconf 91' lang='lat' dir='ltr'>uir</span> <span class='ocrx_word' id='word_1_151' title='bbox 1220 2151 1291 2207; x_wconf 91' lang='lat' dir='ltr'>erat</span> <span class='ocrx_word' id='word_1_152' title='bbox 1309 2159 1450 2223; x_wconf 85' lang='lat' dir='ltr'>magnae</span> 
     </span>
     <span class='ocr_line' id='line_1_20' title="bbox 179 2230 1451 2329; baseline -0.004 -18"><span class='ocrx_word' id='word_1_153' title='bbox 179 2230 252 2272; x_wconf 69' lang='lat'>¹⁰⁹⁰</span> <span class='ocrx_word' id='word_1_154' title='bbox 229 2230 312 2263; x_wconf 84' lang='lat'>¹¹¹²</span> <span class='ocrx_word' id='word_1_155' title='bbox 342 2247 529 2311; x_wconf 84' lang='lat' dir='ltr'>sanctitatis</span> <span class='ocrx_word' id='word_1_156' title='bbox 555 2255 590 2309; x_wconf 90' lang='lat' dir='ltr'>et</span> <span class='ocrx_word' id='word_1_157' title='bbox 619 2246 796 2328; x_wconf 84' lang='lat' dir='ltr'>religionis.</span> <span class='ocrx_word' id='word_1_158' title='bbox 857 2246 942 2309; x_wconf 92' lang='lat' dir='ltr'>Et</span> <span class='ocrx_word' id='word_1_159' title='bbox 933 2265 1040 2329; x_wconf 78' lang='lat' dir='ltr'>ipsam</span> <span class='ocrx_word' id='word_1_160' title='bbox 1071 2245 1244 2311; x_wconf 89' lang='lat' dir='ltr'>ecclesiam</span> <span class='ocrx_word' id='word_1_161' title='bbox 1275 2246 1363 2309; x_wconf 90' lang='lat' dir='ltr'>rexit</span> <span class='ocrx_word' id='word_1_162' title='bbox 1392 2264 1451 2326; x_wconf 92' lang='lat' dir='ltr'>per</span> 
     </span>
     <span class='ocr_line' id='line_1_21' title="bbox 341 2348 1448 2433; baseline -0.005 -18"><span class='ocrx_word' id='word_1_163' title='bbox 341 2372 411 2416; x_wconf 89' lang='lat' dir='ltr'>.xx.</span> <span class='ocrx_word' id='word_1_164' title='bbox 432 2370 546 2427; x_wconf 90' lang='lat' dir='ltr'>annos,</span> <span class='ocrx_word' id='word_1_165' title='bbox 561 2359 595 2416; x_wconf 91' lang='lat' dir='ltr'>et</span> <span class='ocrx_word' id='word_1_166' title='bbox 616 2359 692 2433; x_wconf 91' lang='lat' dir='ltr'>post</span> <span class='ocrx_word' id='word_1_167' title='bbox 714 2369 829 2413; x_wconf 92' lang='lat' dir='ltr'>eorum</span> <span class='ocrx_word' id='word_1_168' title='bbox 853 2350 1110 2415; x_wconf 89' lang='lat' dir='ltr'>translacionem</span> <span class='ocrx_word' id='word_1_169' title='bbox 1134 2371 1239 2433; x_wconf 89' lang='lat' dir='ltr'>usque</span> <span class='ocrx_word' id='word_1_170' title='bbox 1261 2351 1304 2414; x_wconf 89' lang='lat' dir='ltr'>ad</span> <span class='ocrx_word' id='word_1_171' title='bbox 1329 2348 1448 2412; x_wconf 90' lang='lat' dir='ltr'>Berne-</span> 
     </span>
     <span class='ocr_line' id='line_1_22' title="bbox 342 2452 1448 2537; baseline -0.004 -18"><span class='ocrx_word' id='word_1_172' title='bbox 342 2454 435 2519; x_wconf 91' lang='lat' dir='ltr'>welle</span> <span class='ocrx_word' id='word_1_173' title='bbox 461 2474 566 2517; x_wconf 88' lang='lat' dir='ltr'>senex</span> <span class='ocrx_word' id='word_1_174' title='bbox 594 2464 629 2518; x_wconf 95' lang='lat' dir='ltr'>et</span> <span class='ocrx_word' id='word_1_175' title='bbox 654 2453 772 2537; x_wconf 92' lang='lat' dir='ltr'>plenus</span> <span class='ocrx_word' id='word_1_176' title='bbox 796 2454 926 2517; x_wconf 91' lang='lat' dir='ltr'>dierum</span> <span class='ocrx_word' id='word_1_177' title='bbox 950 2452 1035 2535; x_wconf 91' lang='lat' dir='ltr'>obijt</span> <span class='ocrx_word' id='word_1_178' title='bbox 1057 2454 1090 2517; x_wconf 91' lang='lat' dir='ltr'>in</span> <span class='ocrx_word' id='word_1_179' title='bbox 1116 2473 1239 2537; x_wconf 89' lang='lat' dir='ltr'>magna</span> <span class='ocrx_word' id='word_1_180' title='bbox 1265 2453 1448 2527; x_wconf 85' lang='lat' dir='ltr'>sanctitate,</span> 
     </span>
    </p>
   </div>
   <div class='ocr_carea' id='block_1_10' title="bbox 341 2557 1448 2751">
    <p class='ocr_par' dir='ltr' id='par_1_10' title="bbox 341 2557 1448 2751">
     <span class='ocr_line' id='line_1_23' title="bbox 341 2557 1448 2644; baseline -0.005 -20"><span class='ocrx_word' id='word_1_181' title='bbox 341 2568 375 2624; x_wconf 92' lang='lat' dir='ltr'>et</span> <span class='ocrx_word' id='word_1_182' title='bbox 405 2560 439 2622; x_wconf 92' lang='lat' dir='ltr'>in</span> <span class='ocrx_word' id='word_1_183' title='bbox 470 2557 605 2622; x_wconf 91' lang='lat' dir='ltr'>introitu</span> <span class='ocrx_word' id='word_1_184' title='bbox 637 2578 715 2641; x_wconf 86' lang='lat' dir='ltr'>erga</span> <span class='ocrx_word' id='word_1_185' title='bbox 744 2557 907 2641; x_wconf 89' lang='lat' dir='ltr'>capellam</span> <span class='ocrx_word' id='word_1_186' title='bbox 940 2559 1037 2623; x_wconf 89' lang='lat' dir='ltr'>beate</span> <span class='ocrx_word' id='word_1_187' title='bbox 1068 2560 1171 2623; x_wconf 89' lang='lat' dir='ltr'>marie</span> <span class='ocrx_word' id='word_1_188' title='bbox 1205 2558 1354 2644; x_wconf 89' lang='lat' dir='ltr'>sepultus</span> <span class='ocrx_word' id='word_1_189' title='bbox 1390 2566 1448 2631; x_wconf 90' lang='lat' dir='ltr'>est,</span> 
     </span>
     <span class='ocr_line' id='line_1_24' title="bbox 342 2667 1221 2751; baseline 0.005 -22"><span class='ocrx_word' id='word_1_190' title='bbox 342 2687 453 2731; x_wconf 88' lang='lat' dir='ltr'>coram</span> <span class='ocrx_word' id='word_1_191' title='bbox 477 2667 595 2733; x_wconf 92' lang='lat' dir='ltr'>tumba</span> <span class='ocrx_word' id='word_1_192' title='bbox 616 2688 682 2751; x_wconf 92' lang='lat' dir='ltr'>que</span> <span class='ocrx_word' id='word_1_193' title='bbox 704 2689 792 2733; x_wconf 91' lang='lat' dir='ltr'>nunc</span> <span class='ocrx_word' id='word_1_194' title='bbox 816 2679 867 2735; x_wconf 91' lang='lat' dir='ltr'>est</span> <span class='ocrx_word' id='word_1_195' title='bbox 890 2667 1065 2750; x_wconf 90' lang='lat' dir='ltr'>Laurencij</span> <span class='ocrx_word' id='word_1_196' title='bbox 1092 2668 1221 2733; x_wconf 90' lang='lat' dir='ltr'>Prioris.</span> 
     </span>
    </p>
   </div>
   <div class='ocr_carea' id='block_1_11' title="bbox 659 2827 1127 2909">
    <p class='ocr_par' dir='ltr' id='par_1_11' title="bbox 659 2827 1127 2909">
     <span class='ocr_line' id='line_1_25' title="bbox 659 2827 1127 2909; baseline 0.002 -15"><span class='ocrx_word' id='word_1_197' title='bbox 659 2845 712 2909; x_wconf 90' lang='lat'>40.</span> <span class='ocrx_word' id='word_1_198' title='bbox 756 2827 808 2893; x_wconf 82' lang='lat' dir='ltr'>De</span> <span class='ocrx_word' id='word_1_199' title='bbox 832 2828 979 2895; x_wconf 85' lang='lat' dir='ltr'>Gerardo</span> <span class='ocrx_word' id='word_1_200' title='bbox 1001 2828 1127 2896; x_wconf 78' lang='lat' dir='ltr'>Priore.</span> 
     </span>
    </p>
   </div>
   <div class='ocr_carea' id='block_1_12' title="bbox 177 2957 1449 4091">
    <p class='ocr_par' dir='ltr' id='par_1_12' title="bbox 177 2957 1449 4091">
     <span class='ocr_line' id='line_1_26' title="bbox 177 2957 1448 3044; baseline 0 -23"><span class='ocrx_word' id='word_1_201' title='bbox 177 2977 280 3027; x_wconf 73' lang='lat' dir='ltr'>omre.</span> <span class='ocrx_word' id='word_1_202' title='bbox 408 2957 576 3023; x_wconf 89' lang='lat' dir='ltr'>Gerardus</span> <span class='ocrx_word' id='word_1_203' title='bbox 611 2957 703 3023; x_wconf 87' lang='lat' dir='ltr'>Prior</span> <span class='ocrx_word' id='word_1_204' title='bbox 736 2960 895 3024; x_wconf 86' lang='lat' dir='ltr'>successit</span> <span class='ocrx_word' id='word_1_205' title='bbox 925 2961 963 3038; x_wconf 89' lang='lat' dir='ltr'>ei,</span> <span class='ocrx_word' id='word_1_206' title='bbox 994 2980 1093 3043; x_wconf 92' lang='lat' dir='ltr'>quem</span> <span class='ocrx_word' id='word_1_207' title='bbox 1126 2961 1282 3044; x_wconf 86' lang='lat' dir='ltr'>Paganus</span> <span class='ocrx_word' id='word_1_208' title='bbox 1313 2958 1448 3024; x_wconf 91' lang='lat' dir='ltr'>Peuerel</span> 
     </span>
     <span class='ocr_line' id='line_1_27' title="bbox 177 3027 1448 3148; baseline -0.003 -20"><span class='ocrx_word' id='word_1_209' title='bbox 177 3027 268 3128; x_wconf 53' lang='lat' dir='ltr'>ffiif</span> <span class='ocrx_word' id='word_1_210' title='bbox 343 3062 485 3128; x_wconf 89' lang='lat' dir='ltr'>multum</span> <span class='ocrx_word' id='word_1_211' title='bbox 509 3062 639 3141; x_wconf 84' lang='lat' dir='ltr'>dilexit,</span> <span class='ocrx_word' id='word_1_212' title='bbox 657 3084 698 3127; x_wconf 89' lang='lat' dir='ltr'>eo</span> <span class='ocrx_word' id='word_1_213' title='bbox 720 3065 811 3148; x_wconf 91' lang='lat' dir='ltr'>quod</span> <span class='ocrx_word' id='word_1_214' title='bbox 834 3073 922 3129; x_wconf 89' lang='lat' dir='ltr'>esset</span> <span class='ocrx_word' id='word_1_215' title='bbox 944 3065 1046 3130; x_wconf 92' lang='lat' dir='ltr'>homo</span> <span class='ocrx_word' id='word_1_216' title='bbox 1070 3063 1233 3129; x_wconf 90' lang='lat' dir='ltr'>iucundus</span> <span class='ocrx_word' id='word_1_217' title='bbox 1255 3075 1289 3129; x_wconf 92' lang='lat' dir='ltr'>et</span> <span class='ocrx_word' id='word_1_218' title='bbox 1312 3062 1448 3147; x_wconf 87' lang='lat' dir='ltr'>hyllaris</span> 
     </span>
     <span class='ocr_line' id='line_1_28' title="bbox 178 3138 1449 3253; baseline -0.001 -22"><span class='ocrx_word' id='word_1_219' title='bbox 178 3138 312 3181; x_wconf 45' lang='grc' dir='ltr'><strong>ιη’-ιω</strong></span> <span class='ocrx_word' id='word_1_220' title='bbox 343 3166 449 3234; x_wconf 90' lang='lat' dir='ltr'>ualde.</span> <span class='ocrx_word' id='word_1_221' title='bbox 486 3168 525 3232; x_wconf 94' lang='lat' dir='ltr'>ln</span> <span class='ocrx_word' id='word_1_222' title='bbox 541 3168 658 3233; x_wconf 91' lang='lat' dir='ltr'>diebus</span> <span class='ocrx_word' id='word_1_223' title='bbox 673 3169 744 3233; x_wconf 91' lang='lat' dir='ltr'>eius</span> <span class='ocrx_word' id='word_1_224' title='bbox 760 3168 887 3234; x_wconf 91' lang='lat' dir='ltr'>fiebant</span> <span class='ocrx_word' id='word_1_225' title='bbox 902 3170 1032 3235; x_wconf 85' lang='lat' dir='ltr'>officine</span> <span class='ocrx_word' id='word_1_226' title='bbox 1047 3170 1162 3249; x_wconf 91' lang='lat' dir='ltr'>multe,</span> <span class='ocrx_word' id='word_1_227' title='bbox 1173 3179 1259 3235; x_wconf 89' lang='lat' dir='ltr'>terre</span> <span class='ocrx_word' id='word_1_228' title='bbox 1274 3168 1449 3253; x_wconf 89' lang='lat' dir='ltr'>adquisite,</span> 
     </span>
     <span class='ocr_line' id='line_1_29' title="bbox 342 3272 1449 3359; baseline -0.001 -22"><span class='ocrx_word' id='word_1_229' title='bbox 342 3281 376 3337; x_wconf 93' lang='lat' dir='ltr'>et</span> <span class='ocrx_word' id='word_1_230' title='bbox 403 3272 540 3337; x_wconf 89' lang='lat' dir='ltr'>uiriliter</span> <span class='ocrx_word' id='word_1_231' title='bbox 565 3274 766 3357; x_wconf 88' lang='lat' dir='ltr'>operabatur</span> <span class='ocrx_word' id='word_1_232' title='bbox 791 3295 892 3358; x_wconf 88' lang='lat' dir='ltr'>super</span> <span class='ocrx_word' id='word_1_233' title='bbox 917 3273 1101 3351; x_wconf 88' lang='lat' dir='ltr'>ecclesiam,</span> <span class='ocrx_word' id='word_1_234' title='bbox 1127 3294 1193 3359; x_wconf 93' lang='lat' dir='ltr'>que</span> <span class='ocrx_word' id='word_1_235' title='bbox 1218 3284 1290 3339; x_wconf 91' lang='lat' dir='ltr'>erat</span> <span class='ocrx_word' id='word_1_236' title='bbox 1317 3274 1449 3355; x_wconf 91' lang='lat' dir='ltr'>incepta</span> 
     </span>
     <span class='ocr_line' id='line_1_30' title="bbox 343 3376 1448 3461; baseline 0.001 -22"><span class='ocrx_word' id='word_1_237' title='bbox 343 3377 425 3441; x_wconf 90' lang='lat' dir='ltr'>mire</span> <span class='ocrx_word' id='word_1_238' title='bbox 448 3376 697 3459; x_wconf 83' lang='lat' dir='ltr'>magnitudinis,</span> <span class='ocrx_word' id='word_1_239' title='bbox 718 3387 761 3455; x_wconf 89' lang='lat' dir='ltr'>et,</span> <span class='ocrx_word' id='word_1_240' title='bbox 776 3388 814 3443; x_wconf 94' lang='lat' dir='ltr'>ut</span> <span class='ocrx_word' id='word_1_241' title='bbox 837 3377 966 3457; x_wconf 88' lang='lat' dir='ltr'>dicitur,</span> <span class='ocrx_word' id='word_1_242' title='bbox 989 3399 1025 3443; x_wconf 89' lang='lat' dir='ltr'>se</span> <span class='ocrx_word' id='word_1_243' title='bbox 1047 3377 1254 3443; x_wconf 85' lang='lat' dir='ltr'>extendebat</span> <span class='ocrx_word' id='word_1_244' title='bbox 1276 3398 1380 3461; x_wconf 87' lang='lat' dir='ltr'>usque</span> <span class='ocrx_word' id='word_1_245' title='bbox 1404 3376 1448 3440; x_wconf 88' lang='lat' dir='ltr'>ad</span> 
     </span>
     <span class='ocr_line' id='line_1_31' title="bbox 343 3480 1449 3566; baseline -0.003 -21"><span class='ocrx_word' id='word_1_246' title='bbox 343 3500 500 3565; x_wconf 83' lang='lat' dir='ltr'>magnam</span> <span class='ocrx_word' id='word_1_247' title='bbox 532 3480 679 3564; x_wconf 91' lang='lat' dir='ltr'>plateam</span> <span class='ocrx_word' id='word_1_248' title='bbox 707 3502 766 3565; x_wconf 91' lang='lat' dir='ltr'>per</span> <span class='ocrx_word' id='word_1_249' title='bbox 791 3482 956 3547; x_wconf 87' lang='lat' dir='ltr'>auxilium</span> <span class='ocrx_word' id='word_1_250' title='bbox 984 3484 1110 3566; x_wconf 85' lang='lat' dir='ltr'>Pagani</span> <span class='ocrx_word' id='word_1_251' title='bbox 1139 3482 1284 3560; x_wconf 86' lang='lat' dir='ltr'>Peuerel,</span> <span class='ocrx_word' id='word_1_252' title='bbox 1308 3492 1342 3547; x_wconf 92' lang='lat' dir='ltr'>et</span> <span class='ocrx_word' id='word_1_253' title='bbox 1372 3480 1449 3545; x_wconf 83' lang='lat' dir='ltr'>fecit</span> 
     </span>
     <span class='ocr_line' id='line_1_32' title="bbox 342 3584 1449 3671; baseline -0.001 -22"><span class='ocrx_word' id='word_1_254' title='bbox 342 3586 583 3651; x_wconf 86' lang='lat' dir='ltr'>dormitorium.</span> <span class='ocrx_word' id='word_1_255' title='bbox 643 3586 711 3653; x_wconf 88' lang='lat' dir='ltr'>Sed</span> <span class='ocrx_word' id='word_1_256' title='bbox 747 3598 880 3653; x_wconf 91' lang='lat' dir='ltr'>mortuo</span> <span class='ocrx_word' id='word_1_257' title='bbox 916 3588 1052 3671; x_wconf 84' lang='lat' dir='ltr'>Pagano</span> <span class='ocrx_word' id='word_1_258' title='bbox 1091 3586 1225 3652; x_wconf 88' lang='lat' dir='ltr'>Peuerel</span> <span class='ocrx_word' id='word_1_259' title='bbox 1261 3584 1449 3651; x_wconf 88' lang='lat' dir='ltr'>Willelmus</span> 
     </span>
     <span class='ocr_line' id='line_1_33' title="bbox 344 3689 1448 3775; baseline -0.001 -21"><span class='ocrx_word' id='word_1_260' title='bbox 344 3690 479 3755; x_wconf 89' lang='lat' dir='ltr'>Peuerel</span> <span class='ocrx_word' id='word_1_261' title='bbox 502 3689 588 3755; x_wconf 89' lang='lat' dir='ltr'>filius</span> <span class='ocrx_word' id='word_1_262' title='bbox 612 3691 682 3756; x_wconf 91' lang='lat' dir='ltr'>eius</span> <span class='ocrx_word' id='word_1_263' title='bbox 705 3711 772 3755; x_wconf 92' lang='lat' dir='ltr'>non</span> <span class='ocrx_word' id='word_1_264' title='bbox 798 3692 845 3757; x_wconf 89' lang='lat' dir='ltr'>ita</span> <span class='ocrx_word' id='word_1_265' title='bbox 870 3691 1000 3756; x_wconf 81' lang='lat' dir='ltr'>feruens</span> <span class='ocrx_word' id='word_1_266' title='bbox 1023 3700 1094 3756; x_wconf 88' lang='lat' dir='ltr'>erat</span> <span class='ocrx_word' id='word_1_267' title='bbox 1118 3691 1161 3756; x_wconf 92' lang='lat' dir='ltr'>ad</span> <span class='ocrx_word' id='word_1_268' title='bbox 1185 3692 1288 3775; x_wconf 91' lang='lat' dir='ltr'>ipsius</span> <span class='ocrx_word' id='word_1_269' title='bbox 1311 3689 1448 3754; x_wconf 88' lang='lat' dir='ltr'>ecclesie</span> 
     </span>
     <span class='ocr_line' id='line_1_34' title="bbox 342 3796 1447 3879; baseline -0.002 -20"><span class='ocrx_word' id='word_1_270' title='bbox 342 3796 543 3860; x_wconf 89' lang='lat' dir='ltr'>erectionem</span> <span class='ocrx_word' id='word_1_271' title='bbox 568 3796 652 3860; x_wconf 89' lang='lat' dir='ltr'>sicut</span> <span class='ocrx_word' id='word_1_272' title='bbox 679 3804 776 3879; x_wconf 89' lang='lat' dir='ltr'>pater</span> <span class='ocrx_word' id='word_1_273' title='bbox 798 3796 878 3873; x_wconf 90' lang='lat' dir='ltr'>eius,</span> <span class='ocrx_word' id='word_1_274' title='bbox 900 3796 959 3860; x_wconf 92' lang='lat' dir='ltr'>sed</span> <span class='ocrx_word' id='word_1_275' title='bbox 988 3796 1021 3859; x_wconf 91' lang='lat' dir='ltr'>in</span> <span class='ocrx_word' id='word_1_276' title='bbox 1047 3806 1169 3860; x_wconf 89' lang='lat' dir='ltr'>terram</span> <span class='ocrx_word' id='word_1_277' title='bbox 1197 3804 1347 3859; x_wconf 85' lang='lat' dir='ltr'>sanctam</span> <span class='ocrx_word' id='word_1_278' title='bbox 1373 3814 1447 3878; x_wconf 91' lang='lat' dir='ltr'>pro-</span> 
     </span>
     <span class='ocr_line' id='line_1_35' title="bbox 343 3899 1449 3983; baseline -0.003 -19"><span class='ocrx_word' id='word_1_279' title='bbox 343 3899 502 3978; x_wconf 88' lang='lat' dir='ltr'>ficiscens,</span> <span class='ocrx_word' id='word_1_280' title='bbox 515 3901 583 3966; x_wconf 91' lang='lat' dir='ltr'>cito</span> <span class='ocrx_word' id='word_1_281' title='bbox 602 3901 753 3966; x_wconf 90' lang='lat' dir='ltr'>sublatus</span> <span class='ocrx_word' id='word_1_282' title='bbox 774 3912 826 3966; x_wconf 91' lang='lat' dir='ltr'>est</span> <span class='ocrx_word' id='word_1_283' title='bbox 840 3902 883 3966; x_wconf 89' lang='lat' dir='ltr'>de</span> <span class='ocrx_word' id='word_1_284' title='bbox 899 3902 1019 3966; x_wconf 84' lang='lat' dir='ltr'>medio.</span> <span class='ocrx_word' id='word_1_285' title='bbox 1063 3899 1187 3983; x_wconf 89' lang='lat' dir='ltr'>Sicque</span> <span class='ocrx_word' id='word_1_286' title='bbox 1202 3900 1361 3965; x_wconf 89' lang='lat' dir='ltr'>remansit</span> <span class='ocrx_word' id='word_1_287' title='bbox 1376 3899 1449 3981; x_wconf 91' lang='lat' dir='ltr'>ipsa</span> 
     </span>
     <span class='ocr_line' id='line_1_36' title="bbox 343 4003 1447 4091; baseline -0.005 -21"><span class='ocrx_word' id='word_1_288' title='bbox 343 4006 482 4071; x_wconf 88' lang='lat' dir='ltr'>ecclesia</span> <span class='ocrx_word' id='word_1_289' title='bbox 507 4007 631 4071; x_wconf 85' lang='lat' dir='ltr'>insecta</span> <span class='ocrx_word' id='word_1_290' title='bbox 654 4016 728 4071; x_wconf 90' lang='lat' dir='ltr'>toto</span> <span class='ocrx_word' id='word_1_291' title='bbox 754 4015 906 4091; x_wconf 90' lang='lat' dir='ltr'>tempore</span> <span class='ocrx_word' id='word_1_292' title='bbox 932 4005 1072 4071; x_wconf 92' lang='lat' dir='ltr'>Gerardi</span> <span class='ocrx_word' id='word_1_293' title='bbox 1099 4005 1229 4083; x_wconf 76' lang='lat' dir='ltr'>PrioriS,</span> <span class='ocrx_word' id='word_1_294' title='bbox 1251 4014 1285 4069; x_wconf 86' lang='lat' dir='ltr'>et</span> <span class='ocrx_word' id='word_1_295' title='bbox 1313 4003 1447 4069; x_wconf 90' lang='lat' dir='ltr'>Ricardi</span> 
     </span>
    </p>
   </div>
   <div class='ocr_carea' id='block_1_13' title="bbox 345 4110 1309 4194">
    <p class='ocr_par' dir='ltr' id='par_1_13' title="bbox 345 4110 1309 4194">
     <span class='ocr_line' id='line_1_37' title="bbox 345 4110 1309 4194; baseline -0.003 -18"><span class='ocrx_word' id='word_1_296' title='bbox 345 4110 456 4189; x_wconf 85' lang='lat' dir='ltr'>Norel,</span> <span class='ocrx_word' id='word_1_297' title='bbox 471 4120 505 4175; x_wconf 90' lang='lat' dir='ltr'>et</span> <span class='ocrx_word' id='word_1_298' title='bbox 523 4110 680 4194; x_wconf 84' lang='lat' dir='ltr'>Hugonis</span> <span class='ocrx_word' id='word_1_299' title='bbox 696 4110 904 4175; x_wconf 88' lang='lat' dir='ltr'>Domesman</span> <span class='ocrx_word' id='word_1_300' title='bbox 921 4129 1148 4175; x_wconf 89' lang='lat' dir='ltr'>successorum</span> <span class='ocrx_word' id='word_1_301' title='bbox 1165 4129 1309 4173; x_wconf 86' lang='lat' dir='ltr'>suorum.</span> 
     </span>
    </p>
   </div>
   <div class='ocr_carea' id='block_1_14' title="bbox 537 4235 1241 4551">
    <p class='ocr_par' dir='ltr' id='par_1_14' title="bbox 537 4235 1030 4289">
     <span class='ocr_line' id='line_1_38' title="bbox 537 4235 1030 4289; baseline 0 -2"><span class='ocrx_word' id='word_1_302' title='bbox 537 4235 547 4268; x_wconf 91' lang='lat'>¹</span> <span class='ocrx_word' id='word_1_303' title='bbox 563 4238 627 4287; x_wconf 86' lang='lat' dir='ltr'>This</span> <span class='ocrx_word' id='word_1_304' title='bbox 637 4238 773 4288; x_wconf 88' lang='lat' dir='ltr'>document</span> <span class='ocrx_word' id='word_1_305' title='bbox 783 4238 805 4289; x_wconf 85' lang='lat' dir='ltr'>is</span> <span class='ocrx_word' id='word_1_306' title='bbox 815 4238 842 4289; x_wconf 88' lang='lat' dir='ltr'>in</span> <span class='ocrx_word' id='word_1_307' title='bbox 853 4254 869 4289; x_wconf 84' lang='lat' dir='ltr'>a</span> <span class='ocrx_word' id='word_1_308' title='bbox 880 4240 944 4289; x_wconf 76' lang='lat' dir='ltr'>later</span> <span class='ocrx_word' id='word_1_309' title='bbox 953 4237 1030 4288; x_wconf 75' lang='lat' dir='ltr'>hand.</span> 
     </span>
    </p>

    <p class='ocr_par' dir='ltr' id='par_1_15' title="bbox 537 4318 1241 4468">
     <span class='ocr_line' id='line_1_39' title="bbox 537 4318 1241 4371; baseline -0.004 0"><span class='ocrx_word' id='word_1_310' title='bbox 537 4319 548 4352; x_wconf 89' lang='lat'><strong>¹</strong></span> <span class='ocrx_word' id='word_1_311' title='bbox 565 4321 617 4371; x_wconf 88' lang='lat' dir='ltr'>For</span> <span class='ocrx_word' id='word_1_312' title='bbox 627 4320 670 4371; x_wconf 88' lang='lat' dir='ltr'>the</span> <span class='ocrx_word' id='word_1_313' title='bbox 681 4320 752 4371; x_wconf 83' lang='lat' dir='ltr'>dates</span> <span class='ocrx_word' id='word_1_314' title='bbox 763 4318 793 4370; x_wconf 78' lang='lat' dir='ltr'>oi</span> <span class='ocrx_word' id='word_1_315' title='bbox 801 4320 844 4371; x_wconf 87' lang='lat' dir='ltr'>the</span> <span class='ocrx_word' id='word_1_316' title='bbox 857 4320 940 4370; x_wconf 87' lang='lat' dir='ltr'>Priors</span> <span class='ocrx_word' id='word_1_317' title='bbox 951 4336 992 4371; x_wconf 87' lang='lat' dir='ltr'>see</span> <span class='ocrx_word' id='word_1_318' title='bbox 1004 4320 1047 4371; x_wconf 90' lang='lat' dir='ltr'>the</span> <span class='ocrx_word' id='word_1_319' title='bbox 1058 4319 1241 4370; x_wconf 84' lang='lat' dir='ltr'>Introduction.</span> 
     </span>
     <span class='ocr_line' id='line_1_40' title="bbox 537 4400 1198 4468; baseline -0.003 -15"><span class='ocrx_word' id='word_1_320' title='bbox 537 4400 548 4434; x_wconf 83' lang='lat'>⁸</span> <span class='ocrx_word' id='word_1_321' title='bbox 564 4403 626 4468; x_wconf 80' lang='lat' dir='ltr'>Abp</span> <span class='ocrx_word' id='word_1_322' title='bbox 636 4403 665 4453; x_wconf 85' lang='lat' dir='ltr'>oi</span> <span class='ocrx_word' id='word_1_323' title='bbox 673 4402 830 4467; x_wconf 82' lang='lat' dir='ltr'>Canterbury</span> <span class='ocrx_word' id='word_1_324' title='bbox 845 4418 1003 4468; x_wconf 80' lang='lat'>1093-1109</span> <span class='ocrx_word' id='word_1_325' title='bbox 1021 4400 1056 4467; x_wconf 80' lang='lat' dir='ltr'>(d.</span> <span class='ocrx_word' id='word_1_326' title='bbox 1071 4417 1100 4452; x_wconf 77' lang='lat' dir='ltr'>ar</span> <span class='ocrx_word' id='word_1_327' title='bbox 1115 4400 1198 4467; x_wconf 73' lang='lat' dir='ltr'>Apu).</span> 
     </span>
    </p>

    <p class='ocr_par' dir='ltr' id='par_1_16' title="bbox 537 4482 1101 4551">
     <span class='ocr_line' id='line_1_41' title="bbox 537 4482 1101 4551; baseline -0.009 -15"><span class='ocrx_word' id='word_1_328' title='bbox 537 4485 548 4517; x_wconf 85' lang='lat'><strong>⁴</strong></span> <span class='ocrx_word' id='word_1_329' title='bbox 565 4486 605 4551; x_wconf 92' lang='lat' dir='ltr'>Bp</span> <span class='ocrx_word' id='word_1_330' title='bbox 615 4486 645 4536; x_wconf 81' lang='lat' dir='ltr'>oi</span> <span class='ocrx_word' id='word_1_331' title='bbox 653 4484 759 4536; x_wconf 87' lang='lat' dir='ltr'>Lincoln</span> <span class='ocrx_word' id='word_1_332' title='bbox 773 4485 932 4551; x_wconf 78' lang='lat' dir='ltr'>rouo-1092</span> <span class='ocrx_word' id='word_1_333' title='bbox 946 4486 982 4546; x_wconf 87' lang='lat' dir='ltr'>(d.</span> <span class='ocrx_word' id='word_1_334' title='bbox 994 4484 1010 4535; x_wconf 91' lang='lat'><strong>6</strong></span> <span class='ocrx_word' id='word_1_335' title='bbox 1022 4482 1101 4549; x_wconf 78' lang='lat' dir='ltr'>May),</span> 
     </span>
    </p>
   </div>
   <div class='ocr_carea' id='block_1_15' title="bbox 0 0 1602 5067">
    <p class='ocr_par' dir='ltr' id='par_1_17' title="bbox 0 0 1602 5067">
     <span class='ocr_line' id='line_1_42' title="bbox 0 0 1602 5067; baseline 0 0"><span class='ocrx_word' id='word_1_336' title='bbox 0 0 1602 5067; x_wconf 95' lang='lat' dir='ltr'> </span> 
     </span>
    </p>
   </div>
  </div>
 </body>
</html>
