3192 5067
151 361 209 461 vr]
394 363 589 438 Hundred
609 363 657 461 of
674 363 959 462 Laghtomtone
1185 369 1257 456 267

152 548 335 612 manerium
362 549 405 613 de
430 549 570 614 Weston
598 550 640 614 de
666 549 805 612 domino
833 550 936 632 Rege.
982 547 1114 613 Ibidem
1141 547 1256 612 Adam

151 649 237 715 filius
259 652 394 718 Ricardi
415 653 516 717 debet
537 654 566 736 .j.
589 662 725 730 sectam,
746 663 780 718 et
803 654 905 720 debet
928 675 987 737 per
1009 673 1135 718 annum
1159 651 1258 735 .xijd.

150 754 193 819 de
213 756 341 820 auxilio
355 757 568 822 vicecomitis,
615 757 778 822 Ricardus
794 757 826 823 ie
845 767 965 842 porter,
984 758 1150 822 Martinus
1171 755 1259 820 filius

152 858 300 937 Walteri,
312 870 346 925 et
360 861 523 925 Ricardus
541 863 571 926 le
581 862 710 944 Jouene
722 862 848 926 debent
859 862 889 944 .j.
901 871 1038 939 sectam,
1047 870 1081 926 et
1094 860 1258 925 Ricardus

151 963 210 1027 dat
234 984 277 1026 .x.
301 963 455 1028 denarios
479 985 539 1049 pro
566 964 694 1030 auxilio
717 965 939 1043 vicecomitis3
971 975 1006 1030 et
1037 966 1200 1030 Ricardus
1227 965 1258 1028 le

150 1068 278 1150 Jouene
299 1070 358 1134 dat
378 1071 429 1153 .vj.
451 1070 576 1136 solidos
598 1071 642 1134 de
662 1071 790 1135 auxilio
810 1070 1024 1135 vicecomitis.
1069 1069 1258 1134 Willelmus

152 1171 238 1237 filius
265 1172 416 1258 sulon[is]
444 1174 545 1239 debet
571 1175 601 1257 .j.
627 1185 753 1239 sectam
785 1175 818 1238 in
848 1174 976 1250 Bierne,
1000 1183 1035 1238 et
1061 1176 1105 1239 de
1130 1173 1258 1237 auxilio

150 1276 354 1341 vicecomitis
370 1276 420 1359 .vj.
437 1278 591 1342 denarios
612 1298 821 1363 perannum,
836 1287 871 1342 et
886 1288 964 1341 sunt
981 1276 1105 1341 ibidem
1121 1299 1163 1341 .x.
1181 1276 1259 1340 hide

151 1399 217 1445 non
234 1381 427 1464 geldabiles.

218 1483 414 1569 Coniugium
426 1485 653 1570 [Covington]
688 1486 856 1550 Robertus
872 1484 914 1549 de
927 1486 1048 1551 Bancis
1060 1495 1152 1550 tenet
1165 1507 1257 1550 man·

151 1589 255 1653 crium
271 1590 314 1654 de
330 1590 463 1654 Comite
480 1589 667 1673 Ric[ardo]¹
685 1591 727 1653 de
749 1589 848 1654 feodo
864 1591 907 1653 de
923 1590 1049 1654 Sancto
1065 1588 1256 1653 Wallerico¹

151 1712 210 1774 per
225 1693 399 1756 seruicium
410 1692 439 1775 .j.
453 1691 567 1756 militis
582 1702 617 1755 et
632 1691 770 1756 dimidii.
818 1691 948 1756 Ibidem
964 1692 1066 1756 debet
1077 1691 1107 1774 .j.
1123 1702 1259 1769 sectam,

151 1803 185 1857 et
196 1795 240 1858 de
251 1795 378 1858 auxilio
390 1795 594 1859 vicecomitis
606 1794 679 1876 .viij.
692 1795 817 1859 solidos
828 1815 1029 1877 perannum.
1076 1794 1259 1860 Nicholaus

150 1898 194 1962 de
215 1898 406 1981 Couington
426 1900 527 1964 debet
550 1900 578 1982 .j.
600 1909 735 1972 sectam,
757 1909 791 1962 et
813 1898 1002 1963 Willelmus
1025 1899 1112 1963 filius
1134 1900 1258 1983 Rogeri

150 2002 251 2067 debet
266 2002 294 2084 .j.
311 2013 446 2067 sectam.
493 2004 539 2068 Et
554 2014 631 2067 sunt
648 2003 772 2066 ibidem
788 2002 864 2085 .viij.
880 2003 959 2067 hide
973 2004 1167 2087 geldabiles.

219 2105 408 2172 Cattewitlte
430 2108 548 2191 [Great
572 2107 767 2190 Catworth}
812 2108 932 2173 Abbas
955 2112 998 2173 de
1022 2111 1143 2175 Sautre
1166 2120 1258 2175 tenet

151 2210 275 2274 ibidem
288 2211 341 2294 iij.
352 2211 447 2277 hidas
459 2222 546 2276 terre
557 2215 600 2276 de
612 2211 712 2276 feodo
724 2213 767 2276 de
781 2213 942 2293 Luuetot3
962 2214 1040 2279 facit
1053 2214 1095 2279 de
1106 2217 1259 2299 scutagio

150 2313 225 2396 .ij.s.,
241 2324 276 2378 et
295 2315 322 2377 si
339 2315 532 2379 transfretat
548 2316 638 2398 .iiij.s.
654 2317 697 2380 de
713 2318 873 2400 scutagio.
920 2319 1014 2383 Idem
1036 2319 1141 2384 abbas
1156 2319 1258 2384 debet

149 2419 179 2501 .j.
198 2428 333 2484 sectam.
380 2421 511 2485 ibidem
535 2421 727 2505 Stephanus
748 2423 791 2486 de
813 2423 992 2488 Cattewith
1014 2435 1048 2489 et
1068 2425 1257 2493 Willelmus

150 2522 237 2586 filius
257 2524 378 2606 Sweyn
399 2525 524 2590 debent
545 2525 574 2607 .j.
592 2537 727 2591 sectam.
773 2527 820 2590 Et
839 2548 954 2592 omnes
976 2530 1114 2612 predicti
1133 2529 1258 2594 debent

150 2625 277 2708 .xxviij.
293 2626 447 2691 denarios
462 2629 506 2693 de
527 2628 655 2693 auxilio
670 2630 885 2706 vicecomitis,
901 2639 934 2694 et
950 2642 1029 2696 sunt
1048 2632 1094 2697 ibi
1110 2633 1163 2716 iij.
1179 2633 1257 2713 hide

149 2730 343 2813 geldabiles.
389 2731 519 2798 Ibidem
537 2733 686 2798 Thomas
702 2734 745 2798 de
762 2733 948 2818 Bekeringe
963 2746 1055 2800 tenet
1076 2735 1211 2802 feodum
1227 2738 1256 2820 .j.

151 2832 265 2897 militis
288 2833 330 2897 de
353 2833 452 2899 soedo
474 2837 517 2900 de
541 2836 753 2901 Kenebelton
778 2847 813 2902 et
834 2849 913 2902 sunt
940 2839 1063 2905 ibidem
1091 2840 1156 2924 iiij.
1178 2841 1256 2908 hide

149 2937 341 3020 geldabiles.
388 2939 480 3004 Prior
509 2941 551 3004 de
579 2939 763 3006 Chikesant
789 2950 883 3006 tenet
909 2945 936 3006 .i.
968 2944 1082 3009 hidam
1109 2955 1195 3011 terre
1222 2947 1254 3010 in

152 3041 361 3124 Haregraue⁸
383 3052 418 3106 et
439 3043 540 3109 debet
563 3044 591 3126 .j.
614 3055 749 3109 sectam.

217 3144 380 3227 Sibitorpe
393 3146 583 3230 [Ellington
600 3149 678 3212 with
696 3149 870 3235 Ellington
887 3151 1047 3236 Thorpe].
1088 3155 1256 3220 Robertus

149 3248 235 3312 filius
251 3250 391 3315 Walteri
406 3262 440 3316 et
455 3252 623 3335 jordanus
638 3255 669 3317 le
683 3255 838 3337 Veveyse
856 3267 973 3322 tenent
992 3261 1036 3324 de
1056 3259 1193 3325 Abbate
1213 3262 1256 3326 de

150 3353 319 3437 Ramesey
333 3356 469 3422 feodum
486 3357 515 3440 .j.
533 3358 654 3438 militis,
670 3371 703 3423 et
723 3361 891 3443 Jordanus
912 3364 1013 3428 debet
1027 3364 1055 3447 .j.
1072 3376 1198 3431 sectam
1220 3378 1257 3432 ut

148 3460 226 3523 villa
256 3461 357 3540 dicit;
386 3471 421 3527 et
451 3473 529 3527 sunt
559 3463 606 3528 ibi
635 3465 698 3547 .vij.
729 3466 815 3532 hide.
876 3468 1134 3535 Memorandum
1165 3472 1256 3555 quod

148 3562 341 3628 hundredus
362 3565 464 3630 habet
484 3567 573 3630 diem
595 3569 759 3651 usquead
779 3571 972 3654 proximum
988 3572 1196 3639 Comitatum
1211 3576 1255 3640 ad

148 3668 323 3733 veritatem
340 3669 518 3734 dicendam
535 3670 692 3735 desectis
710 3672 879 3758 R[oberti]
895 3673 953 3739 filii
969 3676 1116 3741 Walteri.

216 3772 390 3854 Spaldnp’c
429 3772 634 3857 [Spaldwick
673 3775 752 3839 with
792 3777 896 3843 Little
937 3779 1117 3859 Catworth,
1154 3781 1257 3859 Stow,

152 3877 277 3940 Easton
302 3878 368 3943 and
393 3877 559 3963 BarhamJ.
607 3879 724 3945 Abbas
747 3883 790 3946 de
815 3884 1002 3966 Rameseye
1026 3895 1119 3952 tenet
1143 3909 1256 3953 mane·

149 3981 234 4044 rium
251 3981 293 4046 de
309 3982 447 4046 domino
460 3982 563 4065 Rege,
575 3993 609 4047 et
625 4004 691 4049 non
708 3985 810 4050 debet
825 3998 951 4054 sectam
968 4009 1075 4072 neque
1090 3991 1254 4057 auxilium

148 4085 361 4149 vicecomitis.
422 4086 611 4170 Episcopus
642 4089 885 4156 Lincolniensis
920 4103 1012 4158 tenet
1042 4094 1085 4158 de
1117 4096 1255 4161 domino

151 4190 264 4273 Rege3
296 4210 361 4254 non
385 4191 485 4255 debet
508 4202 634 4257 sectam
659 4215 766 4278 neque
788 4197 961 4262 auxilium.

198 4344 206 4376 ¹
224 4345 287 4396 This
298 4347 318 4395 is
331 4347 453 4411 probably
464 4347 556 4398 Comes
570 4348 690 4398 Ricardus
702 4349 834 4408 Marescah
848 4367 873 4415 p.
887 4366 941 4416 ²59·
1010 4350 1022 4381 ²
1038 4353 1158 4411 walerio,
1172 4355 1228 4406 MS.

197 4422 208 4455 ⁸
226 4425 364 4490 Hargrave,
379 4425 421 4476 the
432 4433 528 4490 greater
540 4435 595 4490 purt
606 4426 635 4476 oi
643 4426 725 4476 which
738 4428 758 4476 is
769 4429 795 4476 in
807 4428 1068 4495 Northamptonsbire.
