3192 5067
141 299 199 399 1v]
469 304 679 402 Expulsz'on
705 304 754 399 of
770 305 832 378 tlre
848 305 956 406 Jews
1172 328 1242 401 225

139 498 174 552 et
197 491 264 553 duo
287 501 418 557 tantum
443 489 560 556 fratres
582 514 658 558 cum
684 515 734 570 eo,
756 515 898 577 quorum
922 515 1008 558 unus
1030 503 1101 558 erat
1122 495 1244 577 laycus.

142 593 200 675 Hij
222 604 286 656 tres
309 593 425 658 iratres
446 597 579 679 inopem
602 599 705 661 uitam
728 599 909 674 duxerunt,
931 608 964 661 et
987 599 1081 681 quasi
1103 598 1190 662 same
1211 609 1244 663 et

140 697 193 760 siti
221 711 432 766 exaruerunt.
478 701 633 766 Tandem
661 702 749 766 idem
778 703 880 766 frater
902 704 1051 768 Thomas
1075 715 1246 786 resumpto

140 801 254 866 habitu
286 805 423 868 seculari
455 806 626 870 festinauit
657 807 699 870 ad
729 808 857 890 Regem
885 810 947 872 sub
974 810 1126 872 custodia
1152 811 1245 891 quia¹

140 905 219 970 alibi
235 907 398 973 diuertere
412 930 477 974 non
491 923 631 994 poterat.
671 912 715 976 Et
731 931 808 975 cum
822 914 1008 995 perueniret
1024 913 1389 989 Londoniam,ruemn1

140 1011 255 1075 uolens
286 1013 407 1077 habere
438 1015 640 1097 colloquium
672 1036 746 1078 curn
781 1016 875 1097 Rege
905 1027 942 1078 ut
973 1016 1017 1079 ab
1046 1038 1087 1079 eo
1117 1027 1245 1100 peteret
1258 982 1388 1075 ibuit&

142 1118 398 1182 misericordiam
434 1121 467 1182 in
503 1140 625 1202 magna
656 1121 855 1196 humilitate,
885 1121 993 1184 noluit
1024 1122 1100 1185 Rex
1131 1123 1245 1186 uidere

140 1242 226 1299 eum,
248 1224 306 1287 sed
330 1227 478 1308 precepit
502 1234 538 1289 ut
561 1226 604 1288 ad
626 1226 734 1289 socios
755 1246 833 1290 suos
854 1227 1051 1290 iusticiarios
1070 1228 1246 1291 duceretur

140 1328 183 1391 ad
215 1329 347 1393 Turrim
380 1330 564 1407 Londonie,
593 1340 627 1394 et
658 1331 797 1394 vinculis
829 1341 1039 1394 coarteretur.
1094 1331 1140 1394 Et
1170 1339 1246 1414 post

141 1453 264 1516 paucos
273 1436 346 1499 dies
352 1435 429 1498 Rex
439 1456 499 1519 per
511 1437 649 1499 nuncios
663 1435 865 1520 sollempnes
876 1436 970 1500 dedit
982 1437 1012 1498 ei
1025 1436 1244 1518 adopcionem

141 1540 173 1601 in
196 1539 310 1614 tribus
333 1540 390 1603 sed
414 1539 517 1622 elegit
540 1550 671 1604 tantum
697 1560 796 1604 vnam
824 1539 924 1616 uiam,
946 1539 1072 1603 scilicet
1095 1540 1246 1603 abiurare

141 1661 279 1723 regnum
304 1642 437 1724 Anglie,
461 1644 550 1725 quod
575 1653 609 1706 et
633 1652 749 1726 postea
773 1642 859 1707 iecit.
906 1643 951 1706 Et
974 1653 1135 1725 tanquam
1161 1663 1246 1707 vnus
1261 1661 1410 1711 neruum·

140 1748 183 1809 de
203 1747 371 1810 uilissimis
386 1749 506 1810 scurris
522 1747 656 1828 Anglie‚
672 1747 800 1811 tunica²
814 1755 945 1811 tantum
964 1747 1112 1823 uestitus,
1127 1746 1246 1810 discal-
1259 1713 1301 1754 ὼε
1311 1711 1397 1753 “⁸¹¹¹''

139 1851 245 1913 ciatus
261 1861 295 1914 et
311 1851 401 1913 nudo
417 1851 535 1934 capite,
551 1853 717 1934 accipiens
733 1861 767 1913 et
783 1862 922 1934 portans
937 1871 1069 1914 crucem
1086 1853 1118 1913 in
1135 1871 1246 1927 manu,

141 1955 247 2017 tenuit
259 1955 362 2017 altam
376 1963 515 2017 stratam
529 1975 643 2018 uersus
656 1975 755 2030 mare,
768 1965 802 2018 et
817 1976 876 2038 per
892 1965 1008 2018 noctes
1023 1956 1162 2019 domum
1178 1976 1245 2018 non

140 2060 297 2134 introiuit‚
319 2068 353 2122 et
377 2061 423 2121 sic
446 2079 538 2123 mare
561 2059 760 2142 pertransiit.
807 2059 839 2124 O
865 2080 966 2143 quam
990 2069 1062 2124 erat
1085 2061 1247 2124 mirabilis

141 2164 225 2228 tanti
242 2164 302 2226 uiri
319 2161 429 2226 subita
445 2163 610 2228 mutacio!

206 2268 259 2332 De
284 2267 423 2331 domino
453 2268 567 2332 Adam
597 2269 641 2332 de
671 2268 855 2344 Strattone,
885 2267 1005 2332 clerico
1035 2268 1248 2344 thesaurarie,

140 2373 255 2438 habuit
272 2393 331 2436 rex
348 2373 544 2455 peccuniam
565 2373 659 2457 quasi
682 2371 858 2449 infinitam,
874 2374 1000 2437 scilicet
1016 2384 1053 2437 ut
1073 2373 1247 2437 dicebatur

140 2480 217 2543 .xiii.
249 2489 411 2543 carrectas
442 2479 511 2542 auri
539 2489 572 2542 et
603 2480 740 2561 argenti.
787 2477 855 2562 Qui
881 2481 997 2553 eciam,
1023 2479 1180 2542 liberatus
1204 2478 1346 2540 deteob

140 2605 278 2657 carcere,
295 2593 412 2666 postea
427 2594 478 2648 est
494 2585 667 2647 conuictus
683 2585 726 2648 de
747 2584 894 2667 quadam
914 2593 1006 2648 carta
1028 2582 1110 2647 salsa
1131 2594 1247 2647 contra

143 2690 287 2751 Priorem
319 2689 362 2751 de
396 2688 674 2770 Bermundeseye,
705 2698 739 2751 et
775 2689 894 2752 iterum
928 2689 1049 2751 carceri
1085 2696 1248 2771 perpetuo

141 2795 351 2875 mancipatur
374 2813 449 2856 raso
472 2793 590 2876 capite.

207 2897 259 2962 De
282 2898 419 2961 domino
444 2898 594 2961 Roberto
616 2897 659 2961 de
683 2897 839 2961 Ludham
864 2898 920 2981 qui
945 2897 1023 2960 iecit
1046 2896 1144 2961 finem
1170 2916 1246 2959 cum
1261 2912 1409 2955 ruerateor

145 3005 236 3084 Rege
256 3023 317 3085 pro
336 3003 505 3066 sexcentis
527 3003 655 3066 marcis
701 3003 868 3067 Dominus
889 3004 994 3067 eciam
1018 3001 1183 3066 Radulsus
1205 3002 1247 3065 de
1263 2964 1375 3056 ῗιῗὲῗιῗω

145 3108 324 3190 Hengham
346 3109 401 3192 qui
423 3118 496 3172 erat
514 3109 817 3172 excellentissimus
832 3109 1030 3172 iusticiarius
1045 3107 1170 3190 Anglie
1185 3108 1248 3171 sub
1261 3063 1406 3165 ffedniffl

144 3213 237 3296 Rege
263 3213 340 3278 iecit
370 3234 487 3296 pacem
514 3234 575 3297 pro
601 3233 725 3296 magna
750 3214 910 3296 peccunie
936 3233 1068 3278 summa
1094 3222 1128 3277 et
1152 3214 1248 3296 quasi

141 3318 277 3382 infinita.

316 3551 365 3615 31.
410 3533 461 3598 De
481 3535 662 3619 expultrbne
685 3535 869 3612 Miconem,
891 3545 923 3599 et
945 3535 1076 3613 decima,

535 3649 567 3702 et
587 3639 703 3722 quinta
725 3637 857 3704 decima.

209 3779 339 3844 Eodem
378 3800 469 3843 anno
504 3779 630 3844 scilicet
665 3780 758 3862 regni
794 3779 899 3862 Regis
937 3779 1116 3843 Eadwardi
1154 3779 1248 3842 .xix0.
1263 3796 1404 3889 angurum

141 3883 227 3964 exijt
250 3883 398 3948 edictum
426 3905 446 3948 a
475 3885 569 3966 Rege
599 3883 689 3968 quod
717 3904 835 3946 omnes
868 3883 962 3948 iudei
989 3884 1189 3959 exutarenu,
1215 3847 1410 3951 etiiwssrm.

142 3989 343 4072 quicumque
368 4000 445 4073 post
472 3991 560 4053 diem
585 3989 736 4054 omnium
762 3996 953 4052 sanctorum
980 3997 1069 4051 esset
1093 3988 1249 4052 inuentus

142 4095 259 4157 iudeus
282 4095 314 4156 in
347 4094 480 4178 Anglia,
512 4095 623 4179 capite
653 4103 872 4158 truncaretur.
917 4092 1140 4156 Recesserunt
1169 4111 1250 4174 ergo

190 4243 200 4276 ¹
217 4245 294 4311 quod,
307 4245 364 4297 MS.
624 4245 635 4276 ²
651 4247 769 4306 tunicum,
784 4245 843 4296 MS.

191 4327 273 4382 'The
294 4331 383 4382 decree
403 4331 440 4380 sor
456 4331 500 4380 the
516 4332 647 4396 expuision
668 4330 697 4380 oi
712 4331 756 4381 tbe
772 4331 839 4396 Jews
855 4329 876 4379 is
892 4328 968 4379 dated
990 4342 1018 4392 31
1041 4328 1147 4392 August,
1171 4339 1250 4390 παρος

143 4417 185 4465 but
199 4415 242 4466 the
257 4416 314 4480 roth
325 4431 385 4480 year
396 4413 424 4464 of
432 4416 475 4466 tbe
488 4415 578 4480 King's
589 4415 659 4480 reign
670 4415 714 4465 did
727 4424 771 4466 not
783 4415 859 4480 begin
871 4413 909 4464 tili
922 4429 954 4478 3⁰
966 4411 1120 4462 November.

223 4541 249 4588 c
1131 4534 1165 4598 ι5
