3192 5067
483 313 543 386 his
569 314 691 410 rogits
716 341 762 389 on
788 340 812 389 a
838 340 995 412 voconcy
1239 340 1287 408 49

276 516 325 580 24
369 500 423 563 De
442 500 658 565 instrumento
679 500 767 584 quod
788 499 955 565 Gilbertus
976 500 1093 564 Pecche
1106 499 1194 583 fecit

553 604 593 668 de
614 604 686 669 iure
699 614 906 687 patronatus.

244 740 467 825 Temporibus
496 742 585 805 bone
615 741 775 805 memorie
802 742 929 805 domini
956 740 1066 823 Jolani
1095 740 1216 804 Prioris
1242 740 1286 805 de
1300 738 1396 832 gffg'm

177 846 388 923 Bemewelle,
410 846 487 911 iecit
511 846 668 910 dominus
695 846 864 912 Gilbertus
889 845 1015 910 Pecche
1037 846 1208 929 quoddam
1237 845 1285 910 in·
1298 840 1388 932 {iile}
1410 891 1451 934 h„

174 954 398 1010 strumentum
421 947 453 1010 in
477 966 545 1028 quo
567 946 758 1009 continetur
778 945 885 1010 forma
906 966 965 1029 per
985 966 1087 1029 quarn
1104 948 1284 1030 proceden·
1298 939 1433 1043 ffiffl„

174 1048 256 1111 dum
278 1058 328 1112 est
352 1058 502 1131 tempore
523 1048 711 1111 uacacionis
733 1048 872 1112 ecclesie
897 1049 1053 1132 predicte,
1075 1049 1168 1113 cuius
1189 1058 1285 1112 tenor
1298 1041 1442 1144 ssffi‘ssssy

174 1161 227 1216 est
249 1152 344 1216 talis:
1297 1140 1426 1235 qngqqm

227 1263 367 1319 Omnibus
396 1263 448 1317 has
472 1263 580 1318 litteras
604 1261 772 1333 inspecturis
797 1264 941 1320 Gilbertus
967 1263 1076 1319 Pecche
1105 1264 1225 1319 salutem
1254 1264 1282 1317 in
1297 1268 1313 1316 t.
1330 1267 1359 1319 16

172 1351 289 1405 domino
313 1350 522 1420 sempiternam.
561 1351 680 1405 Nouerit
704 1349 875 1405 uniuersitas
899 1360 993 1406 uestra
1017 1368 1063 1407 me
1085 1353 1122 1406 ad
1146 1351 1281 1406 dilucida-

171 1439 283 1493 cionem
309 1438 376 1493 iuris
401 1448 567 1508 patronatus
589 1438 665 1509 quod
687 1439 779 1493 habeo
797 1438 826 1493 in
848 1438 1021 1494 monasterio
1043 1440 1079 1494 de
1102 1440 1281 1507 Bernewelle,

171 1544 239 1581 curn
251 1527 343 1597 ipsum
356 1542 459 1582 uacare
471 1527 628 1597 contigerit,
639 1543 690 1596 pro
703 1542 749 1581 me
761 1535 789 1580 et
802 1526 954 1581 heredibus
967 1526 1038 1581 meis
1051 1528 1080 1580 in
1092 1527 1281 1599 subscriptam

170 1616 292 1669 sormam
309 1616 495 1682 consensisse,
507 1627 535 1671 et
550 1615 695 1671 canonicis
711 1614 839 1669 eiusdem
856 1614 1055 1670 inuiolabiliter
1073 1616 1281 1671 obseruandarn

171 1704 355 1759 concessisse.

226 1790 395 1846 Ordinatum
412 1799 456 1846 est
473 1790 558 1859 igitur
573 1807 608 1844 ex
624 1789 767 1845 communi
783 1806 911 1857 assensu,
924 1807 988 1846 meo
1000 1789 1132 1845 uidelicet
1144 1800 1172 1845 et
1185 1806 1280 1862 supra·
1294 1796 1356 1839 'two

169 1879 312 1934 dictorum
330 1878 539 1944 canonicorum,
558 1878 635 1950 quod
657 1895 722 1933 curn
744 1879 937 1950 supradictum
956 1878 1159 1935 monasterium
1178 1896 1280 1936 uacare
1293 1848 1446 1941 sesilliis?

170 1967 327 2037 contigerit,
341 1967 417 2037 quod
435 1968 473 2021 ad
491 1984 538 2021 nte
556 1966 580 2021 si
599 1966 629 2019 in
648 1983 735 2035 regno
754 1966 857 2036 Anglie
875 1968 962 2035 fuero,
975 1968 1021 2022 uel
1038 1967 1077 2021 ad
1094 1968 1280 2023 senescallum
1293 1948 1444 2042 {stimulate

169 2073 264 2111 meum
283 2056 330 2127 qui
349 2073 401 2126 pro
419 2065 546 2124 tempore
563 2054 655 2121 suerit,
672 2056 697 2109 si
715 2065 793 2110 extra
811 2072 929 2125 regnum
947 2056 1035 2123 fuero,
1050 2056 1173 2111 debeant
1192 2074 1279 2113 unum
1293 2048 1405 2153 32¹5&

170 2144 216 2199 uel
228 2145 300 2199 duos
312 2143 466 2199 canonicos
479 2144 621 2198 destinare
633 2152 662 2197 et
674 2160 725 2214 per
737 2144 854 2197 eosdem
866 2142 1050 2199 uacacionem
1063 2144 1105 2197 sui
1116 2145 1277 2216 monasterij
1293 2149 1412 2243 &frma

169 2232 341 2289 denunciare
357 2250 392 2288 ac
408 2233 502 2288 taliter
520 2232 632 2288 dicere:
650 2232 773 2287 Domine
788 2232 831 2287 ad
844 2249 894 2287 uos
910 2238 1058 2303 tamquam
1071 2233 1114 2286 ad
1120 2236 1279 2302 patronum
1293 2249 1354 2291 rnre
1363 2250 1427 2292 eone

168 2328 298 2376 nostmem
309 2322 471 2390 accedimus,
485 2328 513 2376 et
522 2322 699 2376 uacadonem
713 2321 814 2375 domus
829 2327 922 2377 nostre
937 2322 1015 2376 uobis
1027 2322 1239 2389 denunciamus,
1253 2327 1281 2377 et
1292 2299 1442 2401 ssffffilm

168 2407 225 2481 [de]
241 2417 335 2466 uestro
351 2411 519 2482 beneplacito
532 2410 575 2463 ad
586 2409 745 2465 electionem
762 2416 889 2465 nostram
898 2411 1087 2481 procedemus.
1121 2411 1185 2481 Quo
1203 2409 1277 2466 lacto
1292 2400 1374 2451 ΡΜ
1393 2402 1443 2444 ⁸¹²⁶

1291 2450 1365 2491 when
1383 2451 1403 2493 it
1421 2452 1444 2493 le

167 2499 257 2569 petita
274 2499 392 2554 licencia
410 2499 475 2555 licet
491 2516 548 2554 non
567 2508 685 2570 optenta
702 2508 821 2569 possunt
840 2498 931 2555 redire
950 2499 1036 2555 libere
1053 2500 1090 2555 ad
1106 2499 1275 2569 eligendum.
1290 2501 1442 2594 llllelhieilo

169 2588 242 2641 Cum
255 2597 349 2643 autem
362 2586 462 2643 electio
478 2585 555 2643 iacta
570 2586 661 2655 fuerit,
674 2586 779 2641 debent
793 2588 914 2642 electum
932 2604 1014 2643 suurn
1032 2587 1118 2642 michi
1131 2596 1276 2659 tamquam
1290 2600 1321 2642 be
1340 2600 1442 2643 notifico

167 2685 287 2746 patrum
303 2685 332 2730 et
348 2675 499 2730 heredibus
515 2676 587 2730 meis
604 2684 774 2745 presentare,
787 2686 816 2731 et
833 2692 1003 2731 consensum
1020 2692 1115 2731 meum
1128 2675 1276 2747 requirere.
1289 2650 1416 2752 {ffl'ssf'

169 2763 303 2819 Concedo
314 2774 410 2818 autem
427 2763 511 2819 dictis
527 2762 672 2818 canonicis
689 2771 720 2817 ut
736 2763 851 2818 racione
867 2772 1032 2834 patronatus
1044 2780 1130 2835 quem
1141 2763 1234 2821 habeo
1247 2764 1275 2819 in
1291 2765 1373 2810 Uthi-

167 2867 264 2905 eorum
282 2849 454 2905 monasterio
474 2847 581 2922 [nullus
602 2849 738 2906 heredum
759 2850 805 2905 vel
826 2866 1021 2906 successorum
1042 2867 1169 2905 meorum
1187 2851 1276 2921 possit
1289 2824 1432 2909 {faelium

166 2938 290 3010 aliquam
309 2935 533 2993 destruccionem
552 2938 644 2993 iacere
663 2938 692 2991 in
710 2937 812 2993 eodem
831 2935 1030 3009 monasterio]1
1048 2948 1177 3009 tempore
1193 2955 1275 2994 uaca-
1289 2918 1439 3012 fflffl‘„

165 3025 257 3081 ciouis
280 3024 342 3081 siue
365 3024 524 3093 uendendo,
546 3024 701 3094 largiendo,
725 3024 910 3079 distrahendo
935 3025 1012 3080 bona
1038 3026 1203 3081 eorumdem
1227 3036 1275 3082 aut
1288 3018 1439 3112 {mann

166 3115 304 3169 mutando
325 3112 419 3184 aliqua
440 3130 561 3185 quorum
581 3111 705 3168 mutacio
727 3112 765 3166 ad
785 3112 942 3183 dampnum
963 3112 1090 3169 eiusdem
1112 3112 1274 3185 monasterij
1288 3118 1402 3221 {figffi

165 3201 225 3257 iore
237 3201 475 3272 comprobabitur.
510 3201 549 3256 Et
561 3211 591 3256 ut
604 3201 682 3257 nulla
694 3200 808 3256 occasio
821 3199 1012 3255 distractionis
1025 3202 1069 3255 uel
1082 3200 1274 3256 distructionrs
1288 3230 1401 3273 vecaney

165 3290 223 3360 fiat,
241 3291 307 3345 volo
331 3300 360 3346 et
381 3289 489 3347 eisdem
513 3289 659 3346 canonicis
684 3290 820 3357 concedo,
844 3299 875 3344 ut
900 3286 928 3343 in
953 3298 1080 3360 tempore
1104 3288 1274 3359 uacacionis,
1287 3268 1409 3362 {¹¹2ssqu

165 3378 301 3451 quamdiu
317 3378 520 3433 monasterium
538 3395 621 3433 suum
637 3394 740 3434 uacare
758 3376 917 3447 contigerit,
934 3394 991 3433 non
1010 3377 1132 3432 habeam
1150 3394 1202 3448 ego
1221 3394 1273 3435 nec
1287 3369 1408 3465 2:122&

164 3466 267 3537 aliquis
277 3482 473 3521 successorum
481 3482 609 3522 meorum
619 3464 674 3522 nisi
683 3483 772 3521 unum
784 3463 921 3521 famulum
933 3480 999 3520 cum
1009 3482 1082 3536 equo
1091 3475 1120 3522 et
1132 3464 1273 3535 garcione,

164 3552 222 3625 qui,
243 3563 358 3624 propter
377 3552 605 3623 recognicionem
622 3553 693 3624 juris
714 3564 880 3623 patronatus
898 3553 954 3610 mei
971 3562 999 3610 et
1018 3570 1146 3609 meorum
1164 3571 1273 3610 succes-

164 3658 268 3711 sorum,
277 3642 381 3699 haheat
389 3641 839 3714 simplicempossessionem3qui
847 3640 1045 3698 nullamiaciat
1053 3644 1272 3701 destructionem

163 3740 246 3803 prout
256 3730 384 3801 superius
393 3730 501 3787 dictum
510 3741 569 3799 est3
582 3732 634 3787 sed
642 3748 771 3787 unacum
779 3730 1056 3787 officialibusdomus
1064 3749 1096 3788 se
1104 3732 1273 3789 intromittat

162 3817 380 3874 adsaluandum
389 3818 486 3873 omnia
494 3818 571 3874 bona
579 3819 648 3887 eius,
658 3819 750 3876 donec
759 3819 796 3875 de
805 3820 899 3891 priore
908 3818 1053 3890 prouisum
1063 3820 1145 3876 fuerit
1155 3821 1271 3877 eisdem.

166 3906 252 3961 Hanc
264 3904 348 3975 igitur
360 3906 552 3977 supradictam
564 3905 686 3961 sormam
698 3917 727 3963 et
742 3907 902 3963 libertatem
914 3907 1041 3963 concedo
1052 3907 1161 3964 eisdem
1174 3919 1273 3964 contra

164 4009 251 4064 quam
267 3993 334 4047 nolo
345 3993 422 4064 quod
433 3993 536 4064 aliquis
547 3992 685 4049 heredum
700 3993 747 4049 uel
762 4010 958 4049 successorum
974 4011 1102 4049 meorum
1119 3994 1225 4065 aliquid
1242 3996 1270 4049 in

163 4081 348 4153 preiudicium
372 4081 499 4137 eiusdem
530 4083 694 4154 monasterij
723 4091 881 4152 attemptet.
925 4082 963 4137 Et
988 4093 1019 4139 ut
1042 4083 1096 4138 hec
1124 4082 1271 4139 concessio

161 4168 369 4239 imperpetuum
381 4170 467 4225 robur
482 4169 588 4225 babeat
603 4178 631 4225 et
647 4168 819 4237 firmitatem,
831 4168 888 4224 duo
905 4168 1092 4225 instrumenta
1108 4171 1137 4225 in
1154 4170 1271 4225 modum

211 4279 221 4313 ¹
237 4281 321 4333 These
336 4281 426 4339 words,
437 4280 543 4333 omitted
559 4282 586 4331 in
601 4282 645 4333 the
660 4282 729 4341 MS..
742 4298 785 4333 are
801 4282 917 4349 supplied
932 4282 996 4333 iroru
1012 4282 1055 4333 the
1070 4283 1230 4349 Inspert'mus
1245 4282 1270 4333 in

162 4364 246 4414 which
256 4364 299 4415 the
309 4364 374 4414 dced
386 4364 407 4415 is
418 4366 520 4431 quoted.
557 4364 606 4417 See
618 4365 709 4427 below,
723 4365 805 4431 chap.
818 4368 857 4424 28.
870 4382 895 4431 p.
911 4380 951 4429 5²·

242 4480 269 4525 e
1169 4486 1189 4543 4
