3192 5067
367 315 437 382 226
639 309 768 383 Deatlr
794 309 842 406 os
862 310 989 399 Quaen
1016 308 1186 383 Elcanor
1347 309 1364 407 l
1365 333 1471 384 3001(

200 507 319 598 therg-
366 496 459 560 Iudei
484 516 602 560 omnes
626 497 749 580 pariter
779 516 856 559 cum
886 496 1017 560 catallis
1046 506 1080 560 et
1109 497 1274 561 thesauris
1303 498 1381 573 suis,
1409 499 1471 561 sed

200 563 350 699 §353¹st
363 601 483 665 domus
498 622 613 666 eorum
631 589 717 684 Regi
739 611 992 680 remanseruut;
1015 603 1059 666 de
1077 601 1200 685 quibus
1215 603 1359 667 uenditis
1373 603 1472 687 quasi

200 706 342 800 gaggan
364 700 528 765 infinitam
545 702 663 766 habuit
686 701 762 764 Rex
785 703 970 784 pecuniam.
1017 703 1118 766 Multi
1138 703 1275 785 quidem
1295 723 1340 765 ex
1357 702 1472 767 Iudeis

294 785 300 798 ⁵
364 807 397 869 in
421 806 533 870 medio
555 807 637 870 mari
662 806 794 888 spoliati
820 807 863 870 de
886 807 1036 870 uestibus
1059 818 1093 871 et
1115 807 1309 892 the[s]auris
1331 808 1470 890 proiecti

364 911 497 974 suntin
522 909 664 973 fluctus¹.
710 907 812 991 Quod
836 911 985 986 audiens,
1010 911 1087 974 Rex
1111 911 1189 975 lecit
1219 913 1404 976 uindictam
1425 913 1472 975 de

365 1015 488 1090 multis,
517 1013 647 1096 aliquos
688 1014 897 1097 suspendens
928 1016 961 1078 in
992 1017 1160 1098 patibulis,
1189 1027 1224 1081 et
1252 1017 1382 1100 aliquos
1410 1037 1472 1099 per

364 1118 632 1200 redemptionem
657 1117 719 1182 sibi
742 1129 777 1182 et
800 1139 904 1200 regno
927 1120 1153 1184 reconcilians.

201 1236 337 1280 uruntur·
431 1222 526 1286 Idem
541 1223 647 1285 eciam
663 1222 738 1285 Rex
751 1242 842 1286 anno
853 1223 1006 1306 sequenti
1018 1225 1143 1307 recepit
1157 1225 1322 1288 decimam
1338 1225 1381 1288 de
1395 1232 1471 1288 tota

200 1287 272 1330 tenth
279 1287 349 1329 undu

201 1329 501 1440 phtgeffiitgecclesia
525 1327 715 1410 Anglicana
737 1348 799 1410 pro
825 1328 1025 1411 expulsione
1054 1329 1242 1406 iudeorum,
1266 1330 1400 1413 prelatis
1424 1329 1470 1393 ad

201 1438 350 1531 gamm-⁸
363 1432 426 1494 hoc
442 1451 613 1494 assensum
630 1429 855 1512 prebentibus.
902 1430 955 1494 De
971 1431 1074 1513 laycis
1090 1452 1169 1495 uero
1183 1433 1300 1496 habuit
1315 1433 1469 1516 quintam

201 1538 339 1590 ’ΨΜ-
363 1537 529 1601 decimam
546 1555 613 1598 non
629 1536 700 1598 sine
716 1556 887 1600 murmure
899 1555 1032 1618 magno.
1070 1534 1161 1618 Quid
1175 1537 1275 1618 igitur
1290 1537 1409 1600 mirum
1425 1536 1471 1600 de

363 1652 451 1706 terra
476 1640 600 1722 Anglie
622 1661 681 1722 per
703 1649 755 1704 tot
784 1651 819 1704 et
841 1651 955 1704 tantas
979 1643 1156 1724 peccunias
1181 1643 1266 1723 Regi
1289 1643 1414 1705 solutas
1440 1643 1469 1704 si

363 1745 617 1828 depauperetur.

202 1847 328 1940 52¹2?ss
432 1847 470 1910 ln
487 1846 549 1910 hac
564 1844 699 1929 quidem
716 1845 953 1910 habundancia
966 1847 1042 1910 Rex
1056 1845 1162 1910 sactus
1177 1847 1335 1929 hyllarior
1349 1847 1469 1910 eodem

203 1949 299 2050 5(ξὲξῆ
364 1971 454 2015 anno
475 1949 560 2014 duas
584 1949 669 2012 filias
690 1969 768 2012 suas
792 1950 971 2026 maritauit,
994 1969 1095 2014 unam
1125 1950 1261 2033 quidem
1284 1951 1353 2014 filio
1373 1951 1470 2014 ducis

202 2054 261 2091 ²²³⁸·
366 2053 561 2128 Brabannie‚
576 2063 611 2116 et
626 2053 736 2129 aliam,
756 2053 882 2117 scilicet
903 2055 1075 2118 dominam
1096 2054 1286 2137 Johannam
1306 2054 1350 2117 de
1370 2054 1469 2130 Aere,

365 2159 505 2224 Gilberti
518 2159 630 2221 comiti
643 2157 874 2222 Gloucestrie².
914 2158 953 2222 ln
964 2158 1029 2241 hijs
1038 2158 1174 2242 quidem
1185 2157 1315 2240 nupcijs
1325 2159 1467 2222 multum

363 2265 470 2347 gauisi
486 2273 564 2328 sunt
582 2264 658 2327 Rex
673 2273 707 2328 et
725 2265 856 2346 Regina
871 2276 906 2329 et
921 2275 1031 2330 totum
1048 2283 1189 2346 regnum
1206 2262 1239 2326 in
1256 2262 1368 2327 iubilo.

613 2519 662 2584 32.
707 2503 760 2568 De
779 2514 881 2568 morte
903 2503 1068 2584 Elyanore
1092 2503 1222 2586 Regiae.

432 2650 510 2712 l’ost
549 2651 685 2733 nupcias
723 2650 865 2714 filiarum
905 2651 1017 2732 Regis,
1053 2660 1088 2715 et
1121 2661 1198 2734 post
1234 2649 1466 2733 expulsionem

223 2759 310 2839 ¹¹3¹?oe
364 2753 544 2837 Judeorum
558 2766 711 2819 extrema
723 2754 837 2838 gaudij
854 2756 963 2819 luctus
975 2757 1160 2839 occupauit.
1196 2755 1283 2818 Nam
1298 2753 1468 2835 Elyanora

251 2859 305 2940 'aa
366 2859 505 2940 Regina,
535 2881 670 2923 consors
703 2861 815 2942 Regis,
845 2861 956 2925 subita
994 2860 1187 2926 infirmitate
1217 2868 1378 2943 correpta,
1407 2877 1466 2920 ex-

365 2965 496 3048 pirauit,
511 2975 545 3029 et
560 2967 692 3049 sepulta
708 2977 758 3030 est
774 2977 853 3030 ante
870 2967 993 3030 Natale
1006 2967 1143 3032 Domini
1154 2966 1310 3050 proximo
1326 2983 1467 3046 sequens

364 3071 397 3134 in
438 3070 577 3134 ecclesia
622 3070 860 3135 monachorum
901 3071 1198 3135 Westmonasterii.
1244 3069 1310 3134 Cor
1353 3079 1466 3132 tamen

362 3174 512 3238 eiusdem
542 3175 671 3258 Regine
697 3177 865 3260 sepultum
896 3185 967 3240 erat
998 3176 1030 3238 in
1062 3175 1200 3240 ecclesia
1231 3173 1369 3238 fratrum
1394 3192 1466 3255 pre·

362 3277 547 3343 dicatorum
586 3279 676 3363 apud
715 3278 870 3344 Castrum
909 3279 1086 3362 Baynardi.
1133 3279 1185 3342 De
1220 3276 1467 3361 sollempnitate

364 3383 451 3448 lacta
474 3385 560 3448 circa
583 3385 686 3467 ipsius
709 3385 840 3466 Regine
861 3385 1076 3468 sepulturam,
1096 3385 1140 3449 de
1163 3381 1400 3467 particionibus
1422 3380 1465 3443 ad

362 3509 447 3572 opus
464 3509 656 3572 pauperum,
671 3488 715 3552 de
729 3489 947 3552 luminaribus
963 3489 1101 3572 singulis
1116 3489 1234 3554 diebus
1249 3498 1283 3551 et
1304 3485 1467 3560 noctibus

363 3592 406 3656 de
428 3592 593 3675 episcopis
616 3592 739 3656 ibidem
771 3591 980 3676 presentibus
1003 3603 1038 3657 et
1060 3591 1221 3676 religiosis
1244 3588 1402 3674 personis,
1423 3587 1467 3650 de

302 3689 306 3696 ’
364 3697 553 3780 proceribus
575 3697 668 3780 regni
692 3697 962 3772 aduentantibus,
984 3696 1082 3772 oleru,
1112 3707 1146 3761 et
1168 3696 1339 3778 utriusque
1364 3712 1466 3755 sexus

363 3801 504 3885 populis,
520 3820 585 3864 non
602 3810 714 3884 potest
730 3802 845 3884 paucis
860 3802 1069 3865 sermonibus
1087 3800 1255 3884 explicari.
1300 3797 1466 3880 Verump

288 3908 306 3958 t.
319 3911 349 3973 ⁸7
364 3915 486 3982 tamen,
507 3914 544 3969 ut
565 3905 719 3981 creditur,
739 3926 759 3968 a
783 3906 890 3990 prima
914 3905 1128 3971 institucione
1150 3901 1409 3968 Christianitatis
1431 3901 1465 3963 in

364 4010 490 4093 Anglia
506 4030 676 4095 nunquam
693 4021 763 4075 erat
778 4031 898 4093 corpus
915 4020 1082 4075 mortuum
1104 4029 1179 4073 cum
1195 4015 1289 4071 tanta
1310 4006 1466 4088 sollemp-·

365 4117 470 4180 nitate
485 4116 537 4180 uel
554 4116 681 4179 honore
695 4115 873 4200 sepultum.

414 4259 422 4292 ¹
440 4259 563 4318 fluctibus.
577 4259 635 4310 MS.

412 4341 423 4372 ²
440 4343 565 4406 Margaret
579 4342 614 4406 (b.
630 4341 701 4408 1²75)
713 4343 820 4393 married
829 4343 907 4408 John,
921 4341 1065 4392 ulterwnrds
1082 4339 1157 4389 Dulre
1172 4339 1201 4388 oi
1214 4339 1334 4396 Brabunt,
1346 4337 1373 4386 in
1387 4351 1467 4401 1290;

363 4428 462 4495 Joanna
474 4425 509 4491 (h.
522 4435 547 4476 st
560 4427 625 4477 Aere
637 4427 663 4475 in
678 4431 749 4492 ¹²72)
761 4427 869 4477 married
881 4426 987 4487 Gilben,
1001 4423 1061 4474 Euri
1073 4423 1103 4473 ol
1112 4423 1267 4479 Gloucester,
1278 4421 1305 4470 in
1319 4422 1389 4486 ¹²⁸9·
