3192 5067
365 345 439 418 320
686 323 724 398 T
716 333 849 399 enants
873 325 913 397 ἐκ
940 323 1141 399 Barnwell
1365 323 1483 424 [soor

429 510 598 576 Robertus
620 511 798 576 Maniaunt
820 521 913 578 tenet
935 533 1038 577 unum
1061 512 1271 596 mesuagium
1289 535 1403 600 super
1416 536 1483 580 cor-

363 615 491 679 nerium
508 615 645 690 venelle,
661 627 696 681 et
711 616 822 682 reddit
837 637 1037 701 perannum
1054 616 1133 700 .xiij.
1149 617 1317 682 denarios

429 719 573 784 Michael
595 721 794 786 carectarius
815 731 908 786 tenet
923 741 1028 785 vnum
1049 722 1259 804 mesuagium
1282 723 1319 786 in
1338 725 1479 798 venella

362 833 396 889 et
418 825 528 888 reddit
549 844 608 907 per
630 845 755 890 annum
776 826 830 890 ‚xi
850 825 1005 890 denarios
1021 825 1062 910 .ij.
1077 845 1232 908 capones,
1247 826 1290 910 .ij.
1307 831 1479 912 precarias
1558 809 1559 816 ἵ

362 925 467 1014 [quod
484 949 573 994 nunc
588 939 681 994 tenet
698 929 882 994 Nicholaus
898 929 1092 1014 triturator].

429 1033 597 1115 Margaria
634 1032 740 1117 Speid
770 1043 863 1098 tenet
894 1055 996 1098 vnum
1033 1035 1242 1116 mesuagium
1280 1036 1314 1098 in
1359 1037 1476 1101 eadem

362 1135 501 1212 venelia,
517 1148 551 1201 et
572 1137 682 1202 reddit
703 1159 763 1221 per
782 1158 907 1203 annum
925 1139 978 1222 .iij.
994 1139 1129 1214 solidos,
1144 1139 1185 1222 .ij.
1201 1160 1355 1223 capones
1372 1141 1475 1226 [quod

364 1261 452 1305 nunc
468 1251 561 1308 tenet
576 1241 768 1308 Willclmus
783 1241 871 1308 filius
887 1241 982 1328 eius].

429 1347 598 1412 Robertus
619 1347 821 1431 Baldewyne
840 1357 933 1413 tenet
951 1369 1055 1414 vnum
1077 1349 1285 1432 mesuagium
1303 1352 1340 1414 in
1358 1351 1477 1416 eadem

362 1451 502 1528 venelia,
524 1461 560 1516 et
589 1451 699 1516 reddit
726 1473 785 1536 per
811 1472 938 1517 annum
965 1451 1041 1537 xiij.
1068 1453 1222 1518 denarios
1250 1453 1363 1538 [quod
1392 1477 1478 1520 nunc
1560 1438 1561 1506 i

362 1564 454 1620 tenet
469 1555 658 1620 Willelmus
674 1555 762 1620 filius
776 1555 872 1640 eiusJ.

427 1658 585 1724 Oiiuerus
607 1658 736 1724 Messer
755 1669 849 1725 tenet
867 1681 966 1725 vnam
989 1661 1139 1744 placeam
1162 1682 1396 1746 vacuamque
1419 1665 1478 1729 luit

363 1764 501 1828 Walteri
530 1764 649 1844 Packe,
674 1775 708 1829 et
735 1765 846 1830 reddit
876 1786 935 1850 per
961 1785 1087 1830 annum
1115 1767 1183 1848 ‚xij.
1210 1765 1370 1832 denarios
1396 1769 1477 1856 [que
1561 1802 1562 1870 p

362 1878 512 1932 remanet
535 1870 568 1933 in
594 1889 695 1933 manu
719 1867 864 1952 PriorisJ.

427 1973 590 2057 Joachym
621 1985 655 2038 et
686 1973 891 2038 Laurencius
923 1974 1006 2038 Dixi
1034 1975 1173 2058 [paruus
1206 1975 1325 2060 Hugo]
1358 1987 1475 2042 tenent

361 2099 462 2143 vnam
489 2080 639 2162 placeam
662 2099 728 2161 que
750 2080 923 2162 quondam
948 2079 1009 2144 luit
1034 2079 1174 2144 Roberti
1200 2079 1243 2144 de
1270 2079 1419 2159 Brumae,
1444 2095 1475 2146 et

361 2181 470 2246 reddit
486 2180 548 2264 ‚vii
564 2183 719 2246 denarios
738 2181 812 2266 [sed
833 2203 893 2265 per
913 2193 1040 2246 cartam
1060 2183 1221 2248 deberent
1242 2183 1375 2248 soluere
1395 2187 1474 2270 ‚xvi

361 2287 515 2351 denarios
530 2296 565 2350 et
581 2284 622 2368 .ij.
638 2285 806 2370 capones}

428 2392 491 2454 luo
513 2411 613 2456 cocus
636 2399 729 2454 tenet
756 2411 858 2454 vnum
886 2392 1094 2475 mesuagium
1122 2391 1212 2474 quod
1243 2391 1305 2456 luit
1333 2393 1471 2458 Radulfi
1562 2397 1563 2424 ³

361 2497 404 2560 de
424 2495 675 2571 Theuerisham,
691 2505 723 2560 et
745 2495 854 2560 reddit
877 2483 1080 2578 perannum
1102 2496 1155 2578 .iij.
1176 2497 1301 2561 solidos
1316 2494 1392 2580 [sed
1414 2521 1473 2582 per

361 2611 486 2665 cartam
508 2601 645 2665 deberet
663 2600 792 2664 soluere
810 2621 906 2663 mxx.
922 2600 1076 2664 denarios
1096 2609 1129 2663 et
1145 2599 1186 2680 .ij.
1207 2621 1364 2683 capones,
1380 2613 1415 2665 et
1433 2603 1472 2686 .ij.

363 2703 549 2788 precarias}

430 2809 533 2890 Hugo
564 2807 606 2872 de
638 2809 771 2871 Brunne
801 2816 893 2871 tenet
921 2826 1022 2870 vnum
1054 2807 1263 2889 mesuagium
1290 2809 1382 2891 quod
1410 2809 1472 2872 luit

361 2914 523 2996 Johannis
550 2915 631 2990 c‘oci,
657 2923 690 2978 et
717 2913 828 2977 reddit
854 2932 1061 2994 perannum
1089 2913 1156 2993 ,xij.
1182 2912 1337 2976 denarios
1365 2913 1470 2996 [quod

363 3039 450 3081 nunc
465 3029 557 3081 tenet
571 3038 658 3082 vxor
672 3016 848 3100 eiusdem}

427 3123 597 3205 Johannes
622 3122 700 3187 Crul
724 3131 818 3186 tenet
840 3141 940 3186 vnam
964 3121 1115 3204 placeam
1140 3121 1236 3185 iuxta
1258 3123 1468 3204 mesuagium

363 3228 443 3290 dicti
461 3225 626 3310 Hugonis,
641 3237 675 3290 et
691 3226 801 3291 reddit
817 3247 875 3310 per
891 3246 1015 3290 annum
1032 3226 1106 3308 ¹viij.
1124 3225 1286 3289 denarios.

431 3331 528 3396 lbota
554 3331 597 3394 de
627 3330 867 3396 Bradenhache
893 3340 986 3396 tenet
1013 3351 1115 3394 vnum
1142 3329 1351 3412 mesuagium
1379 3331 1470 3413 quod

363 3434 425 3499 fuit
447 3434 604 3518 Hugonis
619 3436 662 3499 de
682 3435 824 3511 Brunne,
845 3445 879 3500 et
895 3435 1004 3500 reddit
1019 3453 1219 3519 perannum
1235 3435 1290 3498 .ix.
1305 3432 1471 3510 denarios,

362 3539 392 3622 .j.
413 3559 575 3622 caponem
601 3539 643 3623 [.j.
666 3540 869 3622 precariam:
891 3539 981 3622 quod
1006 3559 1094 3604 nunc
1116 3548 1208 3603 tenet
1232 3539 1393 3621 magister
1414 3539 1472 3623 Ju

361 3643 488 3708 hannes
509 3642 553 3708 de
577 3642 746 3726 Reiham}

428 3747 611 3812 Nicholaus
632 3746 676 3812 de
699 3744 886 3812 infirmaria
905 3756 997 3812 tenet
1018 3767 1119 3812 vnum
1142 3747 1349 3830 mesuagium
1371 3768 1474 3831 super

361 3852 545 3916 romerium
566 3851 704 3928 venelle‚
725 3861 760 3916 et
780 3851 892 3915 reddit
911 3850 987 3934 .viij.
1007 3849 1171 3928 denarios,
1190 3850 1231 3934 .ij.
1253 3871 1409 3935 capones,
1431 3853 1472 3935 .ij.

361 3957 526 4040 precarias
542 3956 647 4040 [quod
664 3977 751 4021 nunc
766 3966 859 4021 tenet
873 3956 1045 4039 Johannes
1060 3957 1103 4022 de
1119 3956 1151 4022 la
1167 3955 1269 4040 Sale].

429 4061 524 4126 Idem
559 4061 742 4126 Nicholaus
777 4070 870 4127 tenet
904 4082 1005 4126 vnum
1043 4061 1250 4145 mesuagium
1285 4061 1376 4145 quod
1410 4060 1473 4126 luit

362 4163 497 4229 Osberti
527 4163 735 4247 carpentarij‚
766 4175 800 4227 et
831 4163 940 4228 reddit
971 4184 1029 4247 per
1059 4183 1184 4228 annum
1216 4162 1283 4244 xij.
1313 4163 1471 4226 denarios

360 4266 464 4352 [quod
497 4288 584 4332 nunc
619 4277 735 4332 tenent
768 4269 936 4332 Robertus
966 4269 1010 4332 de
1041 4267 1210 4332 Fulburne
1243 4277 1276 4330 et
1310 4266 1469 4349 Johanna

245 4387 262 4437 r.
279 4373 505 4458 17ssc0kyn].
