3192 5067
335 301 404 390 238
523 295 731 370 Hundreds
758 296 797 368 in
827 293 968 370 Cambs.
996 293 1077 368 and
1097 291 1239 367 Hunis.
1314 288 1442 392 [Boon

648 1139 819 1213 LIBER
855 1137 1129 1234 QUINTUS.

399 1331 481 1395 This
500 1331 589 1395 book
611 1329 765 1394 contains
785 1328 867 1410 only
881 1338 1031 1392 extracts
1052 1327 1136 1393 t'rom
1153 1328 1240 1391 Acts
1260 1324 1298 1390 oi
1315 1325 1441 1389 Pariia-

334 1446 434 1512 ment,
450 1436 517 1500 and
533 1435 697 1500 therefore
712 1435 773 1499 has
789 1445 850 1498 not
865 1435 950 1498 been
967 1435 1108 1517 printed.

668 1879 839 1954 LIBER
875 1879 1107 1955 SEXTUS.

242 2075 259 2125 f·
277 2089 320 2136 ¹⁴²
402 2083 440 2146 ln
459 2081 653 2148 Hundredis
673 2083 814 2147 diuersis
832 2083 934 2146 habet
951 2082 1044 2146 Prior
1059 2083 1102 2147 de
1118 2081 1319 2146 Bemewelie
1334 2091 1441 2144 terras

172 2162 312 2254 iiiiii:
334 2196 368 2252 et
394 2198 596 2265 tenementa,
620 2199 773 2254 tenentes
797 2198 831 2253 et
858 2189 1016 2266 redditus,
1043 2188 1182 2252 seruicia
1211 2196 1245 2252 et
1270 2185 1440 2267 homagia,

170 2263 591 2404 {iffffiizconsuetudines
617 2303 651 2357 et
678 2293 837 2372 villanos3
873 2291 931 2356 sed
963 2292 1041 2376 quia
1071 2292 1211 2355 ministri
1235 2289 1441 2355 vicecomitis
1529 2369 1542 2390 .

170 2419 313 2504 {iiim
335 2395 523 2480 frequenter
558 2397 683 2463 iaciunt
720 2399 942 2464 districtiones
979 2397 1185 2462 uoluntarias
1220 2407 1255 2461 et
1291 2397 1441 2472 iniustas,

336 2501 499 2583 quosdam
516 2501 664 2566 indebite
673 2502 919 2586 distringentes,
931 2510 965 2566 et
980 2500 1214 2585 aliquibusqui
1227 2501 1313 2566 iuste
1327 2510 1440 2566 essent

335 2606 554 2688 distringendi
578 2615 759 2690 parcentes
775 2627 818 2671 ne
838 2607 880 2670 de
900 2616 1012 2670 cetero
1030 2607 1122 2670 Prior
1144 2607 1196 2670 uei
1220 2614 1372 2670 tenentes
1387 2607 1439 2667 sui

335 2731 394 2792 per
419 2709 609 2774 huiusmodi
637 2711 862 2776 districtiones
893 2711 1014 2774 iniuste
1043 2720 1224 2792 grauentur
1254 2730 1314 2793 pro
1340 2709 1440 2772 sectis

334 2815 514 2878 comitatus
536 2814 587 2878 vel
612 2815 784 2890 hundredi,
803 2816 931 2880 auxilio
953 2816 1158 2880 vicecomitis
1180 2824 1215 2878 et
1236 2833 1440 2898 warpennes,

335 2919 368 2983 in
391 2917 454 2981 hoc
477 2918 638 3003 opusculo
661 2919 723 2982 suit
748 2920 828 2984 vtile
853 2919 996 2983 scribere
1021 2918 1158 2982 nomina
1180 2916 1440 2994 hundredorum,

334 3021 524 3087 tenencium
541 3033 575 3087 et
589 3031 857 3088 tenementorum
872 3043 939 3106 que
953 3022 1144 3087 huiusmodi
1161 3022 1299 3086 seruicia
1314 3021 1439 3086 debent

336 3124 452 3202 iacere,
462 3136 497 3192 et
507 3126 551 3190 ab
567 3128 705 3210 antiquo
718 3127 1085 3192 facereconsueuerunt.
1125 3125 1197 3190 Nec
1213 3125 1380 3209 oportebit
1395 3126 1440 3190 de

335 3241 447 3295 cetero
477 3253 581 3317 prope
610 3233 801 3298 huiusmodi
827 3234 1050 3297 districtiones
1077 3234 1123 3296 ire
1147 3232 1188 3296 ad
1215 3231 1369 3297 Castrum
1395 3231 1439 3294 ad

335 3336 514 3401 videndum
555 3337 717 3402 Rotulum
755 3337 968 3414 vicecomitis,
1005 3339 1063 3402 sed
1095 3339 1210 3422 pocius
1238 3336 1375 3402 videant
1404 3345 1440 3400 et

335 3439 517 3506 doceantur
540 3463 599 3525 per
620 3443 739 3506 librum
763 3443 873 3507 istum.

401 3646 594 3712 Annotacio
627 3647 800 3713 feodorum
832 3647 1061 3715 Comitatuum
1092 3651 1375 3734 cantebrigiensis
1405 3662 1440 3717 et

339 3769 646 3847 Huntendonensis,
669 3771 785 3856 auxilij
818 3773 1031 3850 vicecomitis,
1061 3783 1225 3838 sectarum
1255 3784 1289 3840 et
1320 3777 1439 3839 wartb-

358 3912 444 3958 enes.

334 3916 357 3977 p
520 4015 722 4080 Hundredus
744 4015 782 4080 de
807 4015 1021 4098 Papperurtlre
1041 4016 1257 4101 [Papworth].

404 4153 544 4218 Grauele
564 4153 767 4239 [Graveley].
812 4128 980 4219 Walterus
1007 4155 1095 4218 iilius
1120 4155 1259 4219 Roberti
1283 4156 1385 4221 debet
1410 4158 1439 4240 .j.

336 4265 484 4332 sectam;
524 4265 557 4320 et
592 4257 681 4320 idem
715 4266 749 4321 et
782 4258 962 4341 participes
994 4258 1045 4321 sui
1078 4257 1203 4321 debent
1235 4258 1279 4322 de
1312 4260 1441 4324 auxilio

336 4361 539 4427 vicecomitis
562 4362 637 4444 .ij.s.,
660 4372 693 4426 et
716 4371 765 4426 est
789 4363 835 4428 ibi
858 4363 887 4445 .j.
911 4362 1002 4446 hyda
1024 4361 1207 4446 geldabilis.
