3192 5067
350 306 421 379 208
498 304 617 378 Rulcs
642 312 679 379 to
703 303 745 377 be
769 302 942 379 obser-ved
963 303 1007 399 by
1031 302 1304 401 tax-gartenm
1334 299 1455 399 [noorc

427 506 472 570 14
516 490 712 554 Procuracio
731 511 840 555 coram
866 489 1086 571 Wyntom'ensi
1106 500 1137 555 et
1156 488 1380 554 Lincolm'ensi

811 595 984 679 Epecopn.

182 718 303 771 Appeter-
401 720 614 776 Venerabilibus
639 721 667 775 in
693 722 808 777 Christo
832 723 959 794 patribus
984 722 1100 777 domino
1119 720 1266 794 J[ohanni]
1287 720 1332 777 dei
1358 722 1454 791 gracia

182 774 252 811 ment
260 767 288 809 ol

182 820 269 911 {enon
346 808 544 876 Wyntoniensi
552 810 739 881 episcopo¹et
749 807 995 881 OIIivero]eadem
1004 812 1098 881 gracia
1110 812 1300 867 Lincolniensi
1309 810 1454 883 episcopo¹

183 869 316 969 ηἷῖἷξξο
346 898 542 953 executoribus
562 916 647 969 super
664 898 783 954 decimis
802 911 830 954 et
848 898 1071 955 obuencionibus
1090 899 1207 954 domino
1227 896 1386 953 Eadwardo
1407 898 1452 952 dei

182 969 317 1063 affl*
346 986 442 1053 gracia
473 986 543 1057 Regi
567 987 671 1055 AngIIe
695 986 724 1041 iu
756 986 914 1041 subsidium
945 997 1018 1041 terre
1047 996 1145 1042 sancte
1170 986 1313 1041 concessis
1338 1003 1356 1040 a
1386 987 1454 1041 sede

181 1070 298 1163 “2532“
347 1076 504 1144 apostolica
528 1074 671 1145 deputatis
696 1076 739 1130 sui
764 1075 885 1129 humiles
909 1084 937 1131 et
962 1074 1058 1130 deuoti
1085 1073 1163 1129 Prior
1187 1084 1216 1129 et
1239 1083 1395 1127 conuentus
1417 1071 1453 1127 de

183 1171 289 1214 retieret
348 1163 517 1217 Bernewelle
530 1162 662 1232 Elyensis
674 1164 822 1219 dioceseos
834 1164 954 1218 salutem
967 1162 995 1218 in
1009 1163 1126 1218 domino
1137 1162 1346 1233 sempiternam.

182 1222 303 1273 tlteHoly
501 1250 529 1262 ..
770 1252 775 1262 .
799 1251 806 1263 .
954 1251 959 1261 .
1140 1252 1145 1263 .
1397 1250 1402 1260 .

183 1273 298 1324 unum
402 1253 546 1305 Nouentrs
567 1251 643 1321 quod
663 1252 700 1306 ad
722 1251 914 1321 recrprendum
934 1268 995 1306 vrce
1017 1262 1045 1307 et
1070 1268 1184 1306 nomme
1209 1260 1307 1306 nostro
1331 1250 1454 1304 officium

185 1323 255 1375 *γ’
266 1333 324 1377 ¹¹⁸*
347 1337 497 1407 colligendi
510 1338 650 1392 decimam
663 1337 698 1393 de
711 1338 826 1392 ciuitate
839 1349 866 1392 et
878 1337 984 1391 diocesi
1004 1338 1120 1407 Elyensi
1140 1354 1173 1391 ex
1192 1336 1274 1393 bonis
1293 1337 1454 1407 temporali-

348 1423 401 1477 bus
412 1422 626 1492 prouenientem
637 1438 656 1475 a
668 1422 749 1477 vobis
760 1438 812 1477 seu
824 1421 1026 1493 commissarijs
1046 1422 1155 1490 uestris,
1172 1420 1307 1476 dilectum
1324 1420 1406 1475 nobis
1425 1418 1455 1474 in

348 1510 461 1565 Christo
484 1509 632 1565 dominum
658 1510 815 1566 Robertum
839 1510 876 1565 de
903 1508 1048 1564 Hokitone
1074 1510 1244 1565 canonicum
1273 1519 1401 1564 nostrum
1425 1517 1455 1563 et

348 1598 494 1653 sacristam
507 1598 625 1653 ecclesie
638 1607 733 1654 nostre
745 1598 782 1655 de
796 1599 966 1653 Bernewelle
978 1608 1190 1669 procuratorem
1202 1606 1330 1653 nostrum
1342 1596 1455 1653 ordina·

347 1700 419 1751 mus,
432 1682 559 1751 iacimus,
572 1694 602 1739 et
617 1685 815 1741 constituImus
830 1702 881 1755 per
899 1694 1052 1756 presentes,
1065 1684 1166 1741 dantes
1179 1684 1272 1740 eidem
1284 1694 1454 1756 potestatem

348 1769 376 1824 in
389 1769 500 1825 animas
512 1780 623 1825 nostras
629 1770 742 1842 jurandi
755 1772 793 1826 ad
807 1772 913 1827 dictam
932 1756 1073 1827 decimam
1092 1771 1210 1828 fideliter
1229 1773 1343 1827 nomine
1360 1784 1455 1826 uestro

348 1857 545 1926 colligendam,
565 1867 593 1913 et
611 1858 707 1914 omnia
724 1858 781 1914 alia
799 1858 922 1915 faciendi
940 1875 995 1931 que
1014 1860 1090 1914 dicto
1109 1860 1201 1914 officio
1221 1858 1386 1915 incumbunt
1404 1874 1454 1912 seu

348 1944 409 1999 eius
421 1945 621 2000 execucionem
634 1961 749 2015 quoquo
761 1946 848 2001 modo
861 1946 1014 2018 requirunt,
1028 1957 1119 2001 ratum
1132 1945 1279 2018 habitudi]
1297 1957 1325 2002 et
1342 1956 1455 2017 gratum

347 2032 497 2105 quicquid³
520 2033 612 2089 dictus
642 2032 807 2107 R[obertus]
837 2036 866 2089 in
896 2034 1042 2106 premissis
1073 2034 1187 2089 nomine
1217 2044 1315 2089 nostro
1345 2032 1455 2088 duxerit

346 2121 515 2178 iaciendum
552 2124 661 2179 Valete.
698 2125 806 2179 Datum
823 2122 852 2178 in
870 2123 1003 2193 Capitulo
1019 2132 1116 2178 nostro
1129 2124 1165 2178 de
1182 2124 1352 2179 Bemewelle
1366 2121 1454 2178 tercio

347 2209 411 2265 idus
425 2209 494 2280 Maij
509 2227 585 2266 anno
598 2210 705 2266 domini
718 2219 774 2267 m⁰.
785 2220 844 2266 cc⁰.
854 2212 1040 2281 nonagesimo
1053 2210 1186 2266 secundo.

711 2402 756 2468 15.
801 2386 951 2451 Articuli
971 2386 1097 2450 traditi.

185 2497 262 2539 Rulee
269 2504 295 2540 to
305 2497 335 2538 be

183 2548 304 2591 oisemo
415 2514 557 2579 Articuli
574 2515 688 2580 traditi
705 2516 937 2580 collectoribus
953 2516 1082 2579 decime
1097 2515 1259 2579 bonorum
1276 2516 1455 2601 temporal-

183 2598 315 2691 ξὲιῖἷᾶοη
350 2621 426 2684 ium.
474 2619 512 2683 In
536 2620 651 2703 primis
674 2620 759 2684 bene
780 2630 923 2683 caueant
945 2620 1007 2683 sibi
1031 2619 1223 2683 collectores
1245 2621 1334 2702 quod
1352 2619 1454 2683 talem

183 2698 289 2742 “m
350 2734 519 2788 monetam
543 2724 704 2807 recipiant
727 2744 787 2807 pro
809 2744 876 2805 qua
899 2725 1016 2788 uolunt
1036 2724 1069 2787 in
1085 2724 1213 2788 omnia⁴
1232 2744 1294 2787 suo
1309 2725 1456 2807 periculo

350 2827 555 2911 respondere.
603 2828 688 2891 Item
710 2828 885 2911 pecuniam
910 2839 1077 2912 receptam
1099 2837 1173 2892 tuto
1193 2827 1267 2890 loco
1283 2837 1455 2911 reponant,

348 2940 382 2994 et
397 2932 460 2994 sub
476 2930 622 3014 periculo
636 2950 698 2993 suo
714 2929 856 2993 fideliter
871 2932 1070 2995 custodiant
1118 2930 1203 2994 Item
1219 2929 1309 3013 quod
1332 2930 1455 2994 saciant

348 3035 494 3118 apochas
516 3033 723 3097 soluentibus
745 3033 788 3097 de
811 3034 951 3117 receptis
974 3035 1036 3098 sub
1059 3033 1175 3117 sigillis
1198 3035 1265 3098 suis
1288 3055 1363 3098 curn
1388 3036 1455 3100 dic-

348 3140 495 3205 tionibus
518 3147 632 3221 aperte
654 3138 786 3221 scriptis
817 3158 884 3202 non
908 3159 985 3203 cum
1016 3138 1133 3202 litteris
1157 3138 1383 3203 numeralibus
1413 3159 1456 3203 ne

348 3265 393 3309 ex
408 3244 456 3307 eis
471 3242 651 3326 quicquam
667 3241 808 3306 dubium
821 3252 879 3307 aut
891 3243 1068 3307 obscurum
1086 3243 1118 3306 in
1135 3252 1305 3327 posterum
1322 3244 1455 3308 oriatur.

351 3348 436 3412 Item
466 3346 558 3429 quod
589 3346 749 3427 recipiant
779 3344 821 3409 ad
854 3346 928 3428 plus
958 3367 1018 3429 pro
1048 3345 1197 3429 qualibet
1226 3348 1456 3429 acquietancia

348 3472 448 3516 vnum
481 3451 654 3515 denarium
685 3459 827 3527 tanturn,
858 3452 905 3514 ita
942 3450 1032 3533 quod
1064 3450 1188 3515 subditi
1227 3472 1286 3534 per
1316 3453 1455 3517 iniustas

348 3557 547 3620 exacciones
564 3565 829 3638 nongrauentur.
876 3554 921 3619 Et
933 3555 1165 3619 nichilominus
1177 3576 1277 3638 super
1287 3555 1456 3621 solucione

348 3660 477 3724 decime
493 3660 669 3743 registrum
687 3658 785 3743 plene
801 3669 835 3722 et
850 3668 965 3741 aperte
977 3659 1100 3723 saciant
1112 3659 1283 3737 conscribi,
1293 3662 1334 3725 ad
1345 3681 1457 3744 quem,

348 3774 418 3828 tarn
442 3764 474 3827 in
498 3773 658 3847 compoto
681 3764 854 3828 annuatim
879 3763 1059 3843 reddendo,
1073 3784 1175 3848 quarn
1200 3766 1231 3827 in
1256 3786 1334 3828 casu
1357 3766 1456 3829 arnis-

348 3866 451 3929 sionis
474 3867 611 3949 epoche,
634 3866 746 3931 ualeat
768 3867 898 3931 haberi⁸
921 3888 1078 3942 recursus,
1101 3868 1148 3931 ita
1169 3868 1259 3950 quod
1288 3867 1456 3932 soluentes

348 3972 523 4056 registrum
547 3971 699 4048 uiderint,
716 3982 751 4037 et
773 3972 851 4035 inde
873 3971 1004 4055 copiam
1022 3970 1177 4047 habeant,
1191 3970 1218 4033 si
1234 3970 1296 4033 sibi
1313 3971 1456 4036 uiderint

347 4074 515 4159 expedire.

396 4203 405 4236 ¹
420 4204 488 4269 John
500 4202 529 4252 ol
538 4202 665 4260 Pontoise,
677 4202 719 4267 bp.
734 4201 764 4251 ol
771 4201 928 4251 Wiucbester
944 4200 1151 4265 1282-1304(d.
1168 4221 1182 4264 4
1196 4201 1280 4262 Dee).

394 4284 406 4316 ¹
421 4285 508 4336 Oliver
517 4284 618 4344 Sutton,
631 4284 674 4349 bp.
687 4283 716 4333 ol
724 4284 832 4333 Lincoln
848 4285 1007 4348 1280-1299
1018 4284 1054 4343 (d.
1070 4299 1098 4346 13
1111 4282 1200 4343 Nou).

394 4366 405 4399 ⁸
420 4366 541 4433 quicquit,
555 4367 613 4439 bIS.
803 4366 815 4398 ⁴
831 4382 941 4425 omnem,
954 4366 1011 4418 MS.
1177 4364 1187 4397 ⁸
1205 4366 1306 4427 habere,
1320 4366 1377 4417 MS.
