3192 5067
356 326 428 395 206
631 324 903 421 Appoeietment
926 322 977 418 of
992 322 1170 396 Procters
1339 318 1459 417 [soon

188 494 322 595 Qu
352 498 481 569 iacimus,
493 512 522 557 et
533 502 732 557 constituimus
743 502 879 557 dilectum
892 500 973 555 nobis
987 500 1015 554 in
1030 499 1144 555 Christo
1156 500 1321 569 magistrum
1339 498 1459 567 Symon·

188 592 399 641 thewnnolem
421 587 459 642 de
483 588 559 656 Boys
580 589 712 644 clericum
736 598 947 659 procuratorem
971 598 1097 643 nostrum
1122 588 1151 642 in
1176 596 1358 643 samanae
1381 584 1460 639 curia

190 644 322 746 milli
353 674 485 730 Romana
499 678 537 730 ad
554 677 762 747 impetrandum
778 677 886 733 litteras
905 678 1048 748 simplices
1065 686 1094 731 et
1111 676 1246 745 legendas
1263 674 1388 745 graciam
1407 690 1459 728 seu

190 743 288 839 {33:¹⁸
347 761 491 831 justiciam
503 763 689 831 continentes,
701 775 731 819 et
743 763 781 818 ad
789 763 1041 819 contradicendum
1052 779 1163 818 necnon
1173 762 1210 817 ad
1220 760 1458 817 consenciendum

190 847 299 938 {wlf
352 848 381 903 in
389 849 501 920 judices
513 862 541 905 et
553 851 624 918 loca,
636 860 665 906 et
677 850 715 905 ad
724 851 836 921 judices
848 852 1065 917 recusandos,et
1077 850 1169 907 eciam
1181 849 1218 904 ad
1231 848 1459 904 substituendum

277 926 284 938 ’
351 948 561 1007 procuratorem
573 938 636 993 loco
648 938 700 1004 sui,
712 949 740 993 et
753 938 791 993 ad
803 938 899 994 omnia
911 940 1048 1009 premissa
1061 938 1199 1003 iacienda,
1214 948 1307 991 ratum
1320 936 1459 991 babentes

351 1035 380 1079 et
398 1024 510 1081 firmum
528 1025 663 1097 quicquid
681 1027 758 1082 idern
775 1027 911 1097 magister
927 1037 956 1082 et
975 1028 1012 1082 ab
1029 1044 1064 1081 eo
1083 1024 1251 1081 substitutus
1270 1024 1299 1078 in
1313 1024 1459 1095 premissis

351 1113 466 1167 nomine
479 1123 575 1168 nostro
587 1114 697 1169 duxerit
709 1114 879 1169 faciendum.

406 1200 439 1254 ln
458 1199 538 1255 cuius
556 1200 596 1255 rei
614 1201 806 1256 testimonium
826 1200 948 1270 sigillum
968 1210 1094 1255 nostrum
1113 1217 1263 1255 commune
1281 1199 1460 1269 presentibus

352 1285 484 1343 duximus
496 1289 705 1359 apponendum.

406 1376 515 1429 Datum
532 1376 607 1446 apud
625 1378 797 1433 Bernewelle
815 1377 843 1431 in
860 1376 983 1447 capitulo
1002 1386 1099 1431 nostro
1115 1386 1166 1431 etc
1186 1376 1364 1446 presentibus
1380 1373 1460 1447 [etc]

352 1471 417 1530 post
428 1459 580 1515 triennium
592 1462 708 1516 minime
720 1462 878 1518 valiturum.

567 1814 612 1859 rr.
658 1797 851 1861 Procuratio
873 1798 921 1861 ad
938 1818 1053 1861 causas
1070 1796 1244 1881 generales.

190 1948 244 1991 ‘¹¹¹¹‘
407 1951 548 2005 Omnibus
566 1950 672 2006 Christi
690 1951 821 2007 fidelibus
845 1952 882 2007 ad
903 1970 975 2025 quos
999 1969 1116 2022 presens
1140 1952 1277 2023 scripturn
1301 1954 1461 2022 peruenerit

189 2005 305 2105 {lenem
353 2034 485 2108 S[ymon]
503 2038 582 2093 Prior
599 2039 636 2095 de
656 2040 826 2095 Bemenelle
844 2051 872 2095 et
890 2040 1018 2095 eiusdem
1035 2040 1090 2095 loci
1110 2052 1267 2097 conuentus
1291 2042 1410 2097 salutem
1429 2041 1460 2096 in

188 2109 293 2201 mm,
352 2126 452 2181 salutis
463 2137 585 2182 auctore

188 2202 300 2345 iffi}
407 2215 527 2269 Nouerlt
546 2214 714 2270 uniuersitas
733 2223 828 2269 uestra
845 2215 921 2285 quod
943 2232 996 2270 nos
1019 2226 1116 2272 tenore
1141 2217 1317 2287 presencium
1341 2216 1461 2272 facimus

190 2314 250 2394 msa·
268 2302 336 2393 m·
353 2302 551 2357 constituimus
575 2312 602 2358 et
627 2304 791 2358 ordinamus
816 2312 1010 2374 procuratores
1038 2316 1150 2361 nostros
1178 2304 1316 2375 legitimos
1341 2304 1461 2361 dilectos

189 2401 251 2445 ets.
352 2390 453 2445 fratres
472 2400 584 2445 nostros
602 2392 761 2461 johannem
780 2392 817 2446 de
836 2392 996 2463 Swaphann
1016 2402 1045 2447 et
1063 2393 1157 2447 Adam
1176 2394 1212 2447 de
1231 2404 1330 2448 sancto
1348 2394 1460 2448 Albano

190 2453 335 2544 23⁰⁸*
353 2478 506 2534 canonicos
531 2489 652 2542 nostros.
678 2495 788 2534 necnon
814 2488 843 2535 et
864 2480 1029 2547 magistrum
1054 2481 1227 2537 willelmum
1252 2481 1288 2535 de
1321 2482 1461 2551 Norwyco

190 2551 344 2645 §wad
353 2562 485 2620 clericum
499 2575 627 2620 nostrum
640 2564 669 2619 in
682 2565 815 2620 omnibus
827 2566 920 2620 causis
934 2566 1076 2621 nostriset
1090 2568 1223 2637 negociis,
1236 2584 1333 2623 coram
1346 2568 1459 2638 quibus

188 2658 266 2745 {met
274 2632 319 2695 η’
354 2667 465 2722 cunque
473 2651 617 2723 judicibus
630 2652 780 2707 ordinariis
796 2669 847 2707 seu
859 2653 1005 2722 delegatis,
1017 2654 1137 2722 arbitris,
1151 2656 1397 2712 conseruatoribus
1410 2672 1460 2711 seu

190 2714 323 2805 prox‘tam
354 2754 450 2793 eorum
469 2738 547 2794 vices
564 2741 736 2809 gerentibus,
753 2741 970 2812 quibuscunque
991 2740 1090 2797 diebus
1114 2752 1143 2797 et
1167 2743 1236 2798 locis
1258 2754 1358 2799 contra
1376 2762 1461 2815 quos-

188 2804 339 2905 ξ’,ξῖζῗξᾷ
354 2843 465 2898 cunque
494 2827 672 2883 aduersarios
702 2840 815 2883 nostros
846 2830 899 2883 sub
928 2829 1129 2899 altemacione,
1159 2841 1250 2885 ratum
1286 2840 1314 2885 et
1348 2842 1461 2900 gratum

353 2912 500 2985 habitur[i]
517 2913 651 2986 quicquid
669 2932 767 2969 omnes
786 2916 870 2972 simul
888 2917 932 2970 vel
950 2932 1023 2970 unus
1041 2933 1138 2972 eorum
1156 2916 1185 2971 in
1204 2917 1287 2973 dictis
1305 2918 1399 2973 causis
1410 2935 1460 2973 seu

353 3001 479 3071 negocijs
491 3002 607 3057 nomine
618 3012 715 3057 nostro
727 3003 857 3057 duxerint
870 3020 919 3059 seu
932 3004 1040 3059 duxerit
1053 3004 1222 3073 iaciendum,
1235 3006 1336 3061 dantes
1353 3006 1461 3061 eisdem

353 3088 486 3143 omnibus
509 3098 538 3144 et
563 3087 682 3159 singulis
706 3099 734 3145 et
758 3107 855 3145 eorum
880 3092 938 3160 uni,
963 3109 1034 3163 quos
1063 3095 1108 3148 nel
1132 3110 1217 3165 quem
1233 3092 1341 3161 judicio
1360 3094 1462 3150 adesse

353 3174 510 3245 contigerit,
530 3187 700 3247 potestatem
718 3178 822 3247 agendi
841 3189 870 3234 et
888 3179 1068 3247 defendendi,
1093 3181 1271 3252 impetrandi,
1293 3181 1461 3253 excipiendi,

353 3261 535 3332 repplicandi,
548 3264 717 3335 appellandi,
736 3265 944 3333 appellaciones
961 3266 1159 3338 prosequendi,
1177 3268 1206 3321 in
1223 3268 1332 3322 animas
1350 3280 1461 3324 nostras

353 3358 411 3402 tam
424 3349 460 3404 de
473 3350 635 3421 calumpnia
646 3368 732 3422 quam
744 3351 781 3405 de
793 3352 911 3407 ueritate
923 3353 1046 3408 dicenda
1059 3354 1178 3420 iurandi,
1191 3364 1219 3409 et
1228 3354 1374 3425 quodlibet
1384 3356 1461 3412 aliud

352 3453 443 3505 genus
461 3437 529 3491 liciti
548 3440 718 3493 sacramenti
737 3441 891 3511 prestandi,
911 3450 1008 3496 status·
1020 3442 1108 3497 nostri
1130 3452 1158 3496 et
1183 3442 1347 3512 monasterij
1373 3445 1460 3499 nostri

250 3540 340 3603 [reb
353 3531 586 3586 relorrnacionem
605 3534 728 3604 petendi,
747 3536 880 3604 ponendi,
901 3536 1092 3606 posicionibus
1109 3536 1308 3607 respondendi,
1328 3538 1398 3592 alios
1415 3541 1462 3594 uel

352 3620 439 3675 alium
461 3632 655 3691 procuratores
679 3638 729 3676 seu
753 3633 964 3693 procuratorem
989 3624 1188 3691 constituendi,
1213 3640 1353 3694 expensas
1377 3625 1460 3681 nobis

353 3708 531 3765 adiudicatus
543 3720 571 3765 et
583 3709 789 3766 adiudicandas
801 3711 963 3783 recipiendi,
976 3721 1006 3766 et
1018 3712 1114 3766 omnia
1126 3712 1182 3767 alia
1194 3712 1332 3767 faciendi¹
1342 3729 1397 3784 que
1409 3730 1461 3783 per

353 3814 436 3854 ueros
467 3810 496 3853 et
524 3798 665 3867 legitimos
696 3809 891 3869 procuratores
922 3799 1095 3855 coniunctim
1127 3809 1155 3855 et
1184 3800 1298 3856 diuisim
1329 3811 1460 3871 poterunt

352 3887 483 3958 expediri.
522 3888 577 3942 Pro
589 3886 695 3943 eisdem
708 3888 840 3943 omnibus
853 3898 881 3943 et
894 3887 1011 3958 singulis
1024 3898 1161 3945 eteorum
1179 3906 1235 3944 vno
1251 3899 1278 3944 et
1295 3890 1332 3944 ab
1351 3890 1459 3945 eisdem

353 3975 485 4029 omnibus
501 3976 547 4029 uei
565 3992 663 4029 eorum
678 3992 735 4030 vno
751 3975 918 4042 substitutis,
933 3992 982 4029 seu
995 3976 1154 4045 substituto,
1168 3978 1221 4031 sub
1234 3988 1353 4047 ypoteca
1365 3994 1459 4033 rerum

353 4074 512 4119 nostrarum
528 4063 686 4134 judicatum
703 4065 775 4119 solui
792 4064 991 4135 promittimus
1034 4066 1113 4120 Idem
1129 4064 1343 4138 quibuscunque
1360 4066 1459 4123 aduer-

353 4150 435 4205 sariis
454 4151 558 4206 nostris
578 4162 606 4205 et
627 4152 759 4205 omnibus
778 4168 899 4222 quorum
920 4152 1035 4207 interest
1056 4152 1255 4222 significamus.

408 4240 442 4293 ln
455 4240 534 4295 cuius
547 4239 585 4295 rei
598 4239 790 4295 testimonium
805 4249 857 4295 etc.
897 4240 1005 4293 Datum
1018 4240 1045 4294 in
1059 4240 1191 4310 Capitulo
1204 4252 1300 4297 nostro
1313 4251 1364 4301 etc

792 4374 803 4407 ¹
820 4376 941 4439 iacienda,
957 4377 1014 4430 MS.
