3192 5067
152 316 215 416 111]
453 320 502 417 os
516 320 667 395 Burlon
694 322 735 393 in
761 322 941 396 Kesleven
1191 347 1257 417 113

329 518 378 565 22
423 504 535 567 Aliud
552 504 647 569 breue
666 505 746 588 quia
767 528 881 587 assyra
904 528 966 571 non
989 509 1085 573 uenit

204 640 379 695 Eadwardus
389 641 435 696 der
445 658 541 711 gracia
550 652 601 697 etc
615 642 774 698 vicecomiti
785 642 912 699 Lincoln
932 645 1060 700 salutem.
1085 644 1259 713 Precipimus
1273 654 1422 747 enecanda

150 727 201 782 tibi
214 730 291 799 quod
305 729 414 784 habeas
430 748 527 786 coram
543 730 712 802 Justiciariis
729 732 833 786 nostris
851 733 927 803 apud
941 733 1225 788 westmonasterium
1242 752 1260 788 a
1272 702 1422 797 {tetthtgauet

149 816 197 870 die
214 818 318 872 Sancte
334 818 501 874 Trinitatis
494 837 523 873 111
535 830 593 875 tres
610 820 784 891 septimanas
802 838 921 891 corpora
933 822 1067 876 Willelmi
1085 822 1121 877 de
1134 822 1260 876 Coleuile
1271 755 1387 907 ΞἫῌ

150 905 187 958 de
206 906 389 974 Swynestede
407 906 512 973 militis,
531 908 667 963 Willelmi
686 910 722 963 de
741 909 868 964 Coleuile
886 911 922 963 de
943 909 1103 979 Makeseye‚
1121 910 1259 981 Johannis
1273 906 1338 957 11813)·

150 994 187 1047 de
210 994 311 1062 Corby
334 993 468 1049 willelmi
493 998 529 1050 de
552 999 688 1067 Castorpe
713 998 750 1052 de
776 998 916 1064 Billistud,
941 998 1043 1067 Rogeri
1070 998 1199 1068 Palefrey
1223 998 1259 1053 de

151 1082 269 1148 Estone,
291 1083 402 1137 Thome
427 1083 475 1153 filiJ'
502 1084 634 1140 Nicholai
658 1087 694 1141 de
719 1087 836 1153 Estone,
861 1086 977 1141 Roberti
999 1087 1036 1140 de
1061 1086 1202 1155 Billesgey
1223 1086 1259 1141 de

152 1170 288 1238 Nomine,
313 1171 373 1241 Joci
398 1171 447 1240 filij
476 1174 607 1228 Oseberti
632 1175 668 1229 de
694 1175 880 1243 Stilyngtone,
905 1183 934 1228 et
959 1174 1029 1228 alios
1054 1173 1260 1243 recognitoresl

150 1274 249 1327 assyse
273 1259 371 1314 vltime
395 1262 617 1331 presentacionis
645 1279 730 1334 quarn
757 1262 837 1316 Prior
864 1262 900 1316 de
926 1262 1096 1317 Bemewelle
1125 1262 1153 1317 in
1182 1264 1260 1317 cun'a

150 1357 249 1402 nostra
270 1366 366 1403 coram
384 1349 549 1419 justiciariJ's
568 1352 673 1405 nostris
696 1352 771 1422 apud
790 1350 1076 1407 westmonasterium
1096 1353 1259 1407 arramiauit

149 1452 248 1491 versus
274 1438 428 1492 Robertum
453 1439 489 1494 de
515 1439 738 1495 Brakeneberwe
763 1449 790 1494 et
820 1440 987 1510 magistrum
1014 1440 1196 1511 Radulphum
1224 1440 1261 1493 de

150 1525 296 1593 wykham
312 1527 349 1581 de
366 1526 485 1582 ecclesia
500 1527 536 1581 de
554 1529 679 1596 Byrtone
696 1529 725 1583 in
744 1530 905 1584 Kesteuene
923 1545 978 1599 que
996 1539 1087 1595 vacat,
1100 1538 1130 1583 ut
1150 1528 1259 1595 dicitur,

150 1614 188 1669 ad
212 1614 373 1669 faciendam
397 1632 527 1684 assysam
551 1616 630 1670 illam
654 1625 682 1671 et
705 1617 742 1671 ad
764 1617 938 1672 audiendum
962 1616 1099 1671 iudicium
1121 1632 1203 1670 suum
1225 1616 1261 1671 de

150 1704 277 1773 pluribus
296 1704 415 1760 defaltis.

206 1792 378 1864 Precipimus
398 1794 489 1851 eciam
511 1795 562 1850 tibi
582 1796 659 1865 quod
679 1804 722 1851 tot
743 1805 770 1850 et
792 1796 864 1851 tales
885 1806 944 1850 tam
962 1794 1066 1849 milites
1085 1809 1171 1863 quam
1189 1792 1260 1847 alios

150 1880 255 1935 liberos
272 1890 299 1934 et
316 1882 422 1951 legales
434 1884 564 1939 homines
582 1884 618 1938 de
630 1884 740 1940 visneto
756 1884 884 1953 predicto
898 1884 926 1937 in
945 1882 1065 1937 iuratam
1079 1881 1157 1937 illam
1170 1898 1260 1951 ponas

151 1977 180 2023 et
197 1968 262 2024 illos
279 1970 387 2025 habeas
404 1988 500 2027 coram
516 1973 685 2043 Justiciariis
702 1974 807 2028 nostris
825 1973 901 2043 apud
918 1970 1204 2027 Westmonasterium
1223 1968 1261 2022 ad

150 2056 291 2125 prelatum
307 2060 458 2115 terminum
476 2061 513 2115 ad
529 2060 689 2116 taciendam
707 2078 836 2130 assysam
854 2062 938 2126 illam,
953 2062 992 2114 ita
1008 2059 1085 2129 quod
1099 2074 1198 2126 assysa
1212 2057 1260 2110 illa

151 2143 189 2198 ad
200 2144 277 2200 diem
294 2146 373 2200 illum
392 2164 449 2202 non
468 2160 614 2203 remaneat
633 2148 773 2219 capienda
788 2166 841 2218 pro
859 2149 970 2204 defectu
990 2144 1220 2215 recognitorum¹‚
1232 2152 1259 2198 et

150 2230 259 2286 habeas
280 2233 321 2288 ibi
342 2234 459 2289 nomina
478 2251 576 2289 eorum
597 2252 669 2305 quos
691 2236 727 2290 de
748 2252 824 2290 nouo
845 2234 1019 2305 apposueris,
1040 2242 1067 2287 et
1089 2233 1143 2286 hoc
1165 2231 1258 2285 breue

151 2320 238 2375 Teste
255 2321 289 2375 R.
303 2321 339 2377 de
357 2323 508 2391 Laycestre
524 2323 600 2393 apud
616 2322 901 2379 Westmonasterium
915 2341 984 2377 axx.
999 2322 1045 2376 die
1062 2320 1136 2389 maij.
1176 2321 1259 2373 Anno

152 2409 230 2478 regni
243 2409 332 2463 nostri
344 2410 409 2479 xvj0.

327 2574 376 2639 23.
420 2558 534 2623 Aliud
551 2559 644 2624 breue
664 2558 743 2643 quar
765 2581 879 2641 astysa
901 2580 964 2623 non
988 2556 1085 2621 uenit.

207 2692 389 2766 E[dwardus]
406 2695 452 2750 dei
471 2696 567 2764 gracia
585 2706 637 2751 etc.
653 2697 810 2752 vicecomiti
829 2696 956 2751 Lincoln.
972 2695 1100 2749 salutem.
1139 2689 1259 2760 Precipi·
1273 2685 1378 2777 ffilfdr

152 2799 218 2837 mus
239 2782 289 2837 tibi
309 2784 382 2839 sicut
400 2785 471 2838 alias
488 2784 539 2839 tibi
558 2786 735 2856 precepimus
754 2786 830 2855 quod
847 2786 955 2840 habeas
977 2799 1072 2838 coram
1093 2777 1289 2888 Justiciarijsp
1273 2786 1394 2828 thereme

152 2870 257 2925 nostris
278 2872 354 2940 apud
376 2873 661 2927 westmonasterium
683 2890 701 2925 a
724 2872 770 2927 die
794 2872 892 2927 Sancti
915 2869 1053 2941 Johannis
1079 2865 1238 2938 Baptiste'
1230 2882 1259 2918 m
1273 2848 1319 2927 wit
1348 2847 1423 2928 ,Ἕκ

152 2976 205 3011 ..xv
218 2958 279 3012 dies
296 2975 414 3029 corpora
426 2958 560 3014 willelmi
578 2960 614 3015 de
631 2960 757 3016 Coleuile
772 2960 808 3014 de
823 2960 1011 3029 Swynestede‚
1027 2967 1054 3011 et
1072 2965 1114 3010 tot
1126 2951 1262 3010 aliorum²
1274 2936 1301 3028 ,οξ
1328 2946 1382 3027 ἔξω
1392 2997 1423 3027 on

153 3045 376 3115 recognitorum³
406 3064 505 3116 assyse
534 3046 581 3102 ille
613 3046 710 3102 vltime
737 3046 960 3118 presentacionis
992 3060 1078 3115 quam
1114 3041 1193 3097 Prior
1226 3042 1262 3096 de
1274 3038 1319 3129 ἷξε
1321 3034 1428 3128 Shtfffef

154 3132 356 3187 Bemewelle'
348 3151 377 3187 rn
402 3135 480 3189 curia
504 3145 602 3190 nostra
630 3152 726 3190 coram
747 3135 912 3205 justiciariis
937 3134 1041 3189 nostris
1069 3132 1144 3203 apud
1169 3134 1261 3185 west·
1275 3138 1378 3179 hadnot

152 3221 355 3274 monasterium
372 3221 534 3277 arramiauit
548 3238 646 3277 versus
660 3223 816 3277 Robertum
834 3222 869 3275 de
884 3220 1146 3276 Brakeneberwe
1119 3229 1146 3273 e
1159 3216 1262 3287 magis·
1274 3187 1417 3279 {J'fss‘fffiffler

153 3316 227 3361 trum
247 3308 428 3378 Radulphum
447 3310 483 3365 de
501 3310 644 3379 kaham
663 3310 699 3365 de
718 3308 840 3364 ecclesia
857 3310 893 3363 de
913 3308 1060 3377 Byrtone'
1053 3325 1082 3361 m
1103 3308 1263 3361 Kesteuene
1275 3289 1355 3330 Μ’·

153 3411 208 3464 que
226 3404 316 3462 vacat,
335 3406 365 3449 vt
383 3396 492 3465 dicitur,
511 3398 549 3451 ad
568 3396 729 3453 faciendam
747 3413 875 3465 assysam
895 3396 973 3449 illam
991 3404 1018 3450 et
1035 3395 1072 3448 ad
1089 3394 1262 3449 audiendum

154 3483 289 3538 iudicium
302 3502 384 3540 suurn
397 3486 433 3541 de
445 3486 572 3556 pluribus
586 3486 706 3542 defaltis.

208 3574 383 3643 Precipimus
397 3575 488 3630 eciam
501 3576 552 3631 tibi
569 3576 643 3631 sicut
659 3576 729 3632 alias
742 3576 920 3647 precepimus
933 3573 1009 3645 quod
1025 3582 1066 3627 tot
1079 3581 1107 3627 et
1119 3572 1191 3626 tales
1203 3581 1263 3625 tam

152 3658 257 3715 milites
275 3679 361 3732 quam
380 3662 450 3717 alios
468 3664 572 3718 llberos
590 3665 721 3720 homines
739 3676 767 3719 et
784 3664 890 3732 legales
909 3664 945 3717 de
963 3662 1074 3715 visneto
1090 3659 1217 3731 predicto
1234 3658 1263 3714 in

152 3764 283 3815 assysam
295 3749 373 3803 illam
387 3767 476 3819 ponas
493 3762 520 3805 et
533 3751 596 3807 illos
613 3752 721 3807 habeas
733 3769 830 3807 coram
849 3750 964 3821 prelatis
977 3746 1146 3818 Justiciarijs
1159 3746 1264 3799 nostris

153 3834 230 3904 apud
243 3837 529 3893 westmonasterium
542 3841 580 3894 ad
592 3840 731 3910 prefatum
744 3838 897 3894 terminum
912 3838 949 3891 ad
962 3835 1122 3891 faciendam
1135 3849 1263 3901 assysam

154 3916 240 3985 illam,
254 3918 295 3973 ita
306 3920 383 3989 quod
399 3936 498 3991 assysa
516 3923 563 3977 illa
583 3939 641 3976 non
662 3932 807 3977 remaneat
825 3921 965 3991 capienda
982 3919 1019 3974 ad
1033 3918 1108 3973 diem
1122 3916 1200 3972 illum
1212 3933 1264 3987 pro

152 4003 264 4059 deiectu
276 4006 492 4075 recognitorum,
503 4018 531 4063 et
544 4008 618 4064 scias
630 4010 707 4079 quod
720 4009 891 4063 amerciatus
903 4024 935 4062 es
948 4006 984 4059 ad
998 4024 1030 4058 oe
1045 4005 1131 4057 libras
1144 4020 1178 4057 eo
1187 4002 1265 4073 quod

152 4100 316 4160 preceptum
328 4102 456 4147 nostrum
471 4094 549 4164 prius
562 4094 628 4150 inde
644 4096 696 4150 tibi
709 4095 847 4149 directum
865 4110 922 4147 non
936 4108 966 4146 es
983 4099 1116 4145 executus
1129 4087 1264 4143 sicuttibi

152 4189 318 4249 preceptum
343 4181 404 4249 suit,
432 4194 461 4237 et
489 4184 605 4253 grauius
629 4185 701 4239 alias
726 4181 926 4239 amerciaberis
948 4180 1003 4235 nisi
1025 4180 1080 4233 hoc
1102 4186 1265 4249 preceptum

152 4277 281 4322 nostrum
300 4269 409 4337 plenius
428 4272 582 4341 exequaris

217 4369 227 4401 ¹
244 4372 434 4437 ¹0⁰⁰8¹¹5050¹¹i⁵=
448 4374 508 4424 MS·
613 4374 624 4409 ²
640 4376 764 4436 toralium,
777 4374 835 4427 MS.
941 4372 952 4405 ³
968 4371 1126 4439 recognituri,
1142 4370 1200 4419 MS.

234 4490 261 4532 C·
1166 4472 1184 4529 8
