3192 5067
347 372 417 443 302
705 351 868 426 Tenonts
894 353 934 425 in
961 351 1109 426 Barton
1333 351 1456 451 [Boon
1570 311 1571 370 l

344 557 550 620 perannum
573 540 626 622 iij.
649 539 775 604 solidos
805 549 839 605 et
862 561 923 604 sex
946 540 1101 605 denarios
1125 541 1167 605 ad
1193 539 1314 606 festum
1347 541 1455 604 sancti

346 641 528 719 Michaelis,
543 652 578 707 et
598 642 641 708 ad
664 644 792 709 Pascha
808 645 850 709 ad
868 645 1053 729 predictam
1069 644 1215 710 wardam
1232 643 1261 727 .j.
1277 645 1454 709 denarium

343 754 379 810 et
400 746 631 829 quadrantem,
652 757 687 812 et
708 751 895 832 scutagium
919 748 1055 832 quando
1084 758 1201 826 curret,
1223 759 1257 814 et
1287 748 1453 814 auxilium
1571 763 1572 796 ἐ

344 851 554 916 vicecomitis.

409 955 578 1020 Walterus
591 955 799 1021 Carectarius
815 958 858 1021 de
870 956 1067 1040 Wytewelle
1083 967 1176 1022 tenet
1191 957 1242 1039 .vj.
1258 978 1352 1021 acras
1367 968 1455 1021 terre

344 1071 378 1124 et
402 1063 511 1124 reddit
533 1061 612 1126 inde
633 1083 693 1145 per
715 1083 841 1127 annum
864 1064 907 1127 ad
933 1063 1060 1126 Pascha
1083 1062 1151 1144 .xij.
1173 1062 1338 1139 denarios,
1353 1072 1390 1125 et
1412 1063 1453 1124 ad

345 1163 467 1228 testum
483 1163 599 1228 Sancti
617 1165 791 1230 Michaelis
807 1165 874 1247 .xij.
891 1164 1053 1240 denarios,
1064 1175 1098 1228 et
1114 1163 1157 1228 ad
1175 1165 1299 1228 Natale
1315 1164 1453 1227 Domini

345 1289 382 1333 .v.
398 1268 561 1345 denarios,
577 1279 611 1333 et
630 1272 817 1351 scutagium
839 1267 977 1353 quando
996 1279 1104 1332 curret
1119 1265 1168 1354 [et
1190 1269 1234 1332 ad
1250 1269 1399 1332 wardam
1415 1267 1454 1350 ij.

345 1372 522 1457 denarios}

412 1475 521 1540 Elena
544 1474 745 1561 Scetewynd
771 1487 864 1542 tenet
887 1497 1009 1542 nouem
1033 1496 1127 1540 acras
1156 1487 1251 1554 terre,
1280 1486 1315 1540 et
1345 1477 1455 1540 reddit

346 1579 424 1644 inde
446 1599 652 1662 perannum
674 1583 717 1644 ad
743 1579 870 1644 Pascha
891 1580 942 1663 .vj.
961 1579 1123 1656 denarios,
1146 1589 1180 1644 et
1203 1579 1246 1644 ad
1269 1581 1453 1662 predictam
1572 1569 1573 1582 ¹

346 1685 491 1748 wardam
506 1683 561 1766 iij.
582 1685 736 1748 denarios
756 1695 791 1748 et
812 1687 1033 1768 quadrantem
1055 1695 1090 1750 et
1109 1685 1297 1768 scutagium
1318 1687 1456 1768 quando

346 1797 464 1852 curret

413 1891 580 1956 Walterus
593 1891 716 1956 Warde
728 1901 820 1957 tenet
832 1902 899 1957 tres
914 1912 1007 1958 acras
1018 1902 1105 1957 terre
1121 1894 1152 1957 in
1172 1892 1406 1976 Haselingfeld
1423 1893 1455 1956 in

346 1998 493 2080 quodam
514 1996 589 2061 loco
608 1998 666 2081 qui
687 2007 825 2061 vocatur
846 1997 1041 2082 Longedole
1061 2009 1096 2062 et
1115 1998 1225 2063 reddit
1246 2019 1306 2082 per
1327 2019 1454 2062 annum
1573 2053 1574 2074 ,

347 2101 397 2184 .vj.
419 2101 583 2166 denarios.

411 2207 582 2288 Johannes
620 2205 793 2271 Hodieme
826 2215 919 2271 tenet
948 2216 1015 2272 tres
1045 2227 1139 2271 acras
1169 2214 1254 2271 terre
1284 2206 1328 2270 de
1357 2205 1457 2270 ieodo

349 2309 483 2375 Radulfi
499 2309 531 2374 le
551 2310 651 2386 Lord,
665 2320 700 2374 et
715 2311 824 2375 reddit
840 2312 918 2375 inde
934 2330 1134 2394 perannum
1150 2309 1193 2374 ad
1209 2309 1332 2374 festum
1350 2311 1456 2373 sancti

350 2415 523 2482 Michaelis
543 2415 617 2498 .viiJ.
638 2414 803 2493 denarios,
823 2425 857 2481 et
872 2417 915 2482 ad
932 2418 1053 2484 festum
1072 2419 1177 2482 sancti
1195 2415 1368 2482 Edmundi
1382 2416 1459 2499 viij.

349 2521 512 2596 denarios,
527 2528 561 2584 et
576 2519 620 2584 ad
637 2520 766 2584 Pascha
781 2520 855 2602 .viij.
872 2521 1034 2586 denarios

415 2624 581 2708 Margeria
602 2645 688 2688 vxor
707 2625 867 2689 Willelmi
890 2627 965 2691 Koc
986 2635 1078 2692 tenet
1097 2627 1270 2692 dimidiam
1292 2625 1458 2709 virgatam
1574 2621 1575 2652 ¹

349 2741 434 2796 terre
456 2730 500 2795 de
522 2730 621 2794 feodo
643 2730 739 2808 Dine,
754 2741 788 2795 et
812 2731 922 2797 reddit
942 2732 1020 2797 inde
1041 2753 1100 2816 per
1118 2752 1243 2796 annum
1260 2753 1298 2796 .v.
1314 2731 1458 2796 solidos:
1574 2801 1575 2814 ξ

349 2835 475 2900 scilicet
489 2833 533 2898 ad
549 2832 671 2899 festum
684 2835 801 2901 Sancti
815 2837 989 2901 Michaelis
1002 2859 1008 2914 ;
1025 2839 1113 2902 etad
1130 2835 1313 2920 precariam
1330 2835 1459 2899 domini
1574 2823 1575 2846 l

352 2937 471 3002 Prioris
487 2937 520 3001 in
536 2947 724 3021 autumpno
737 2939 840 3003 debet
856 2939 1004 3004 inuenire
1018 2939 1104 3004 duos
1119 2939 1272 3004 homines
1287 2939 1330 3002 ad
1346 2937 1459 3002 cibum

352 3044 480 3108 Prioris
526 3043 572 3107 Et
583 3044 732 3126 predicta
744 3044 912 3126 Margeria
923 3042 1024 3108 debet
1036 3045 1083 3108 ire
1097 3043 1182 3108 ultra
1198 3042 1366 3127 operarios
1382 3063 1459 3106 cum

349 3149 444 3231 virga
459 3167 526 3212 sua

418 3253 523 3335 Hugo
545 3250 700 3335 Fleming
722 3252 831 3318 reddit
854 3255 896 3317 ad
921 3253 1041 3318 festum
1070 3253 1184 3320 Sancti
1210 3252 1385 3317 Michaelis
1410 3251 1462 3334 .vj.

351 3357 515 3433 denarios,
535 3366 570 3421 et
590 3357 633 3420 ad
657 3356 784 3420 Pascha
806 3355 868 3438 .vij.
890 3357 1044 3422 denarios
1060 3379 1121 3441 pro
1136 3357 1235 3422 feodo
1249 3355 1415 3442 Johannis
1432 3356 1462 3419 le

353 3459 461 3527 Child.

417 3566 587 3648 Johannes
612 3564 777 3628 aurifaber
798 3573 891 3629 tenet
921 3563 1095 3630 dimidiam
1118 3567 1281 3649 virgatam
1304 3574 1400 3643 tene,
1428 3574 1463 3630 et

353 3670 463 3736 reddit
485 3671 563 3735 inde
585 3689 644 3752 per
672 3689 798 3733 annum
822 3670 970 3752 quinque
999 3669 1125 3734 solidos
1147 3671 1190 3735 ad
1215 3679 1359 3753 quatuor
1381 3671 1462 3734 anni

353 3776 533 3841 terminos:
555 3773 681 3838 scilicet
696 3774 739 3838 ad
756 3773 878 3838 festum
895 3772 1010 3838 Sancti
1028 3773 1202 3837 Michaelis
1218 3795 1281 3838 .xv.
1297 3773 1464 3852 denarios,

262 3891 279 3939 s.
295 3904 341 3953 170
354 3881 397 3946 ad
414 3879 538 3945 Natale
554 3878 691 3943 Domini
707 3900 772 3944 .xv.
787 3879 950 3954 denarios,
966 3879 1008 3943 ad
1027 3879 1154 3944 Pascha
1170 3901 1234 3945 .xv.
1250 3879 1412 3956 denarios,
1429 3888 1464 3944 et

353 3990 397 4054 ad
429 3986 549 4051 sectum
588 3983 703 4050 Sancti
738 3983 901 4066 Johannis
933 3983 1084 4067 Baptiste
1113 4005 1177 4048 .xv.
1207 3984 1370 4049 denarios.
1416 3983 1464 4048 Et

355 4092 453 4157 saciet
469 4089 651 4174 precariam
663 4089 697 4153 in
710 4098 896 4171 autumpno
911 4087 1067 4152 omnibus
1083 4089 1201 4166 modis,
1216 4088 1302 4153 sicut
1312 4087 1466 4172 predicta

356 4196 530 4279 Margeria

421 4297 608 4364 Willelmus
646 4296 677 4361 le
708 4296 885 4360 Marchant
922 4304 1014 4359 tenet
1046 4315 1149 4359 vnum
1181 4296 1389 4379 mesuagium
1421 4299 1464 4360 ad
