3192 5067
508 315 545 388 T
540 323 670 389 enanis
696 314 736 388 in
763 314 912 386 Barton

486 715 538 762 20.
582 696 733 781 [Bertone
754 694 935 778 (Banon).]

222 851 280 915 isti
318 861 395 915 sunt
434 851 535 915 iibere
572 860 725 915 tenentes
764 849 884 913 Prioris
920 849 965 914 de
997 846 1198 912 Bernewelle
1228 847 1260 909 in

155 971 317 1036 Bertone:

219 1129 355 1212 Agneta
384 1127 416 1193 le
440 1129 567 1212 Taylur
596 1137 689 1194 tenet
715 1129 890 1195 dimidiam
921 1128 1085 1209 virgatam
1109 1133 1204 1201 terre,
1228 1135 1262 1188 et

155 1233 265 1297 reddit
282 1254 340 1317 per
360 1253 485 1297 annum
507 1233 549 1296 ad
567 1233 712 1298 wardam
728 1234 771 1296 de
788 1231 1005 1314 Rokingham
1021 1230 1083 1312 .vij.
1099 1229 1262 1305 denarios,

154 1346 188 1402 et
225 1339 268 1402 ad
307 1338 469 1403 auxilium
502 1338 707 1402 vicecomitis
738 1337 770 1400 in
802 1336 888 1400 sesto
917 1335 1024 1400 sancti
1054 1335 1193 1399 Andree
1221 1335 1263 1416 ,ij.

154 1442 317 1520 denarios,
354 1451 388 1506 et
425 1442 458 1504 in
497 1439 582 1505 festo
619 1441 725 1506 sancti
762 1439 927 1523 Johannis
958 1440 999 1523 .ij.
1035 1439 1200 1516 denarios,
1229 1447 1263 1502 et

155 1547 342 1630 scutagium
366 1545 503 1629 quando
525 1554 642 1609 curret.

220 1649 409 1715 Willelmus
429 1649 649 1714 Thourubern
671 1649 714 1714 de
731 1647 965 1731 Haselingield
981 1656 1074 1713 tenet
1089 1647 1154 1730 iiij.
1170 1667 1263 1711 acras

155 1765 240 1820 terre
256 1774 315 1837 per
335 1763 461 1817 cartam
477 1761 512 1817 et
533 1752 641 1816 reddit
658 1751 735 1816 inde
750 1771 950 1836 perannum
966 1750 1006 1833 .ij.
1022 1750 1156 1825 solidos,
1171 1758 1206 1814 et
1219 1751 1262 1813 ad

156 1860 302 1924 wardam
318 1859 362 1924 de
379 1857 596 1941 Rokingham
613 1857 653 1940 ‚ij.
669 1859 833 1922 denarios

222 1965 374 2047 Rogerus
392 1963 508 2026 Pemel
524 1963 567 2027 de
581 1963 787 2027 Euerisdone
798 1971 891 2028 tenet
906 1963 991 2026 duas
1005 1980 1099 2024 acras
1114 1969 1148 2024 et
1162 1979 1263 2023 vnam

157 2070 273 2133 rodam
296 2077 392 2144 terre,
409 2077 443 2131 et
465 2066 575 2132 reddit
598 2068 677 2131 inde
697 2087 756 2150 per
776 2086 901 2130 annum
918 2064 985 2149 .xij.
1002 2065 1157 2130 denarios
1172 2064 1264 2130 etad

156 2172 303 2238 wardam
319 2172 349 2254 .j.
364 2173 547 2236 denarium.

222 2275 394 2358 Johannes
409 2275 574 2340 aurifaber
585 2284 678 2340 tenet
689 2295 790 2339 vnam
807 2294 919 2339 acram
934 2285 1078 2340 etvnam
1090 2274 1264 2339 dimidiam

158 2380 273 2444 rodam
297 2390 391 2456 terre,
407 2389 442 2442 et
464 2379 573 2443 reddit
596 2379 674 2442 inde
696 2399 756 2463 per
778 2399 905 2444 annum
921 2379 972 2462 .vj.
988 2379 1150 2456 denarios,
1165 2388 1200 2444 et
1222 2379 1265 2443 ad

157 2488 306 2550 wardam
329 2485 476 2548 obolum.

225 2587 364 2652 Mabilia
384 2586 427 2651 de
447 2586 614 2670 Wynepol
635 2596 727 2652 tenet
747 2606 849 2650 vnam
870 2605 981 2650 acram
1002 2595 1036 2651 et
1053 2606 1154 2650 vnam
1169 2585 1266 2650 dimi·

157 2694 248 2757 diam
266 2694 381 2757 rodam
394 2702 488 2768 terre,
503 2701 536 2756 et
553 2691 663 2756 reddit
679 2692 757 2756 inde
772 2711 971 2775 perannum
987 2691 1038 2773 .vj.
1053 2691 1217 2770 denarios,
1232 2701 1266 2755 et

158 2798 201 2862 ad
218 2796 363 2861 wardam
379 2798 526 2862 obolum.

225 2901 376 2983 Rogems
389 2901 432 2965 ad
445 2901 586 2967 Crucem
603 2909 695 2965 tenet
707 2911 775 2966 tres
791 2901 890 2965 rodas
906 2911 1000 2978 terre,
1015 2910 1049 2965 et
1065 2899 1174 2966 reddit
1189 2900 1267 2966 inde

158 3024 217 3088 per
240 3023 364 3067 annum
381 3003 410 3086 .j.
426 3004 600 3068 denarium
623 3003 666 3067 ad
691 3001 813 3068 festum
835 3004 943 3068 sancti
968 3002 1152 3078 Michaelis,
1166 3012 1201 3067 et
1221 3003 1266 3067 ad

158 3110 305 3174 wardam
329 3109 560 3192 quadrantem.

223 3213 394 3296 Johannes
424 3214 467 3278 de
491 3212 622 3277 Baldak
644 3222 737 3278 tenet
766 3213 942 3278 dimidiam
972 3234 1084 3279 acram
1112 3223 1207 3290 terre,
1232 3225 1267 3279 et

157 3317 267 3383 reddit
284 3317 360 3383 inde
376 3337 573 3400 perannum
590 3317 618 3400 .j.
634 3319 807 3382 denarium
825 3318 867 3382 ad
885 3319 1021 3396 Pascha,
1036 3329 1070 3384 et
1085 3320 1128 3384 ad
1144 3319 1265 3384 festum

160 3421 275 3487 Sancti
293 3419 469 3486 Michaelis
484 3421 527 3484 ad
543 3421 690 3485 wardam
706 3423 938 3504 quadrantem,

224 3524 394 3607 Johannes
430 3525 569 3607 Juuenis
606 3524 650 3588 de
690 3524 925 3608 Haseiingieid
961 3535 1055 3591 tenet
1091 3526 1265 3592 dimidiam
1278 3541 1296 3591 f.
1312 3541 1381 3607 1691)

158 3629 322 3712 virgatam
338 3639 432 3708 terre,
448 3639 482 3695 et
495 3629 604 3695 reddit
617 3630 694 3694 inde
710 3649 909 3712 perannum
926 3630 967 3712 .ij.
982 3631 1107 3696 solidos
1122 3632 1165 3696 ad
1181 3632 1266 3698 duos

158 3734 237 3797 anni
253 3735 421 3800 terminos.

225 3837 412 3902 Willelmus
436 3838 556 3904 Steme
578 3840 622 3904 de
644 3840 761 3904 eadem
784 3848 879 3905 tenet
901 3839 1075 3906 dimidiam
1102 3842 1265 3925 virgatam

159 3951 253 4017 terre,
277 3951 311 4006 et
334 3941 443 4006 reddit
466 3943 544 4006 inde
567 3963 772 4026 perannum
795 3943 837 4026 .ij.
864 3943 989 4008 solidos
1014 3945 1057 4009 ad
1081 3945 1167 4010 duos
1188 3948 1266 4012 anni

160 4045 329 4109 terminos.

225 4147 375 4213 Thomas
396 4149 556 4216 Coleman
578 4159 671 4216 tenet
691 4151 734 4216 de
754 4151 854 4216 feodo
876 4153 1035 4238 Hugonis
1056 4155 1218 4241 Flemiug‚
1233 4167 1268 4222 et

160 4252 272 4320 reddit
290 4252 367 4318 inde
383 4273 582 4336 perannum
597 4255 743 4320 obolum.

230 4355 395 4422 Henricus
416 4355 582 4422 aurifaber
602 4368 694 4423 tenet
710 4370 777 4424 tres
794 4380 888 4425 acras
903 4369 999 4440 terre,
1016 4372 1050 4426 et
1064 4361 1175 4428 reddit
1191 4363 1270 4429 inde
