3192 5067
315 319 388 370 220
438 294 541 368 How
565 294 625 366 the
650 301 759 366 hever
786 294 869 366 and
887 294 997 391 quin
1022 321 1120 368 were
1144 295 1259 368 burne
1296 294 1420 394 [noox

367 481 474 535 Datum
497 489 526 534 et
550 489 647 536 actum
671 479 855 549 Cantebrigie
878 481 908 535 in
934 481 1020 552 pleno
1042 481 1097 536 loci
1120 481 1244 552 capittrlo
1268 481 1315 536 die
1337 481 1421 552 Jonis

312 567 439 640 proxima
463 577 527 638 post
546 567 649 622 festum
675 567 771 622 Sancti
793 567 933 636 lobannis
953 578 1021 624 ante
1044 577 1156 639 portam
1181 569 1320 636 urinam,
1340 587 1421 624 anno

311 655 406 727 gracie
417 656 613 712 .m⁰.cc⁰.lxxx⁰.
627 654 755 726 septimo.

492 987 542 1050 26.
587 985 639 1049 De
660 985 804 1050 incendii
825 986 965 1050 Ecclesie
983 986 1024 1049 de
1043 985 1242 1052 Bcrnewelle.

155 1153 271 1196 ”We
380 1145 483 1210 Anno
512 1147 556 1211 ab
586 1145 818 1210 incarnacione
843 1145 971 1209 domini
998 1157 1063 1210 .m⁰.
1087 1157 1146 1210 cc⁰.
1171 1143 1338 1227 lxxxvijt,
1363 1145 1419 1208 die

151 1203 295 1348 ἔξω
315 1249 430 1314 Sancti
460 1248 561 1331 Blasij
585 1249 744 1332 episcopi,
767 1260 844 1332 post
866 1248 947 1313 solis
972 1269 1138 1327 occasum,
1163 1250 1244 1314 dum
1267 1248 1419 1315 canonici

152 1355 227 1458 βψ
237 1355 296 1398 '‘¹’-
314 1354 497 1420 cantabant
510 1355 775 1438 completorium,
791 1355 856 1417 iam
873 1364 947 1418 orta
962 1364 1163 1438 tempestate
1181 1353 1292 1418 valida
1311 1353 1420 1418 sactus

314 1468 365 1524 est
382 1459 538 1524 terribilis
554 1459 638 1523 ictus
649 1459 858 1524 descendens
873 1481 974 1542 super
988 1461 1217 1524 summitatem
1233 1461 1420 1542 crucisque

314 1679 447 1734 tantum
469 1669 559 1752 quod
583 1667 677 1752 quasi
702 1689 804 1752 poma
825 1689 927 1733 aurea
948 1668 1198 1733 descendebant
1218 1667 1362 1732 scintille
1384 1670 1418 1731 in

316 1775 428 1839 medio
450 1774 551 1849 chori,
575 1775 663 1838 vnde
685 1773 836 1837 canonici
858 1784 953 1838 erant
977 1775 1190 1840 uehementer
1212 1773 1384 1858 perterriti.

383 1880 462 1944 Post
491 1879 745 1962 completorium
778 1899 856 1942 uero
885 1889 1050 1944 exeuntes
1078 1879 1228 1944 canonici
1264 1878 1420 1943 uiderunt

218 1997 233 2048 t
250 1999 305 2060 s4b
317 1985 477 2050 scintillas
493 1985 645 2049 uolentes
661 2006 680 2048 a
695 1985 891 2048 summitate
905 1985 1020 2061 crucis,
1036 1985 1123 2049 vnde
1138 1985 1249 2069 plures
1268 1977 1419 2048 canonici

316 2101 350 2155 et
360 2091 523 2155 seculares
532 2091 749 2155 ascendentes
760 2090 897 2154 interius
907 2109 1012 2173 usque
1022 2091 1064 2154 ad
1075 2091 1302 2154 summitatem
1313 2089 1421 2165 turris,

317 2194 418 2259 nichil
448 2194 570 2257 ibidem
603 2193 682 2257 mali
714 2195 922 2271 inuenerunt,
947 2194 1026 2276 quia
1057 2193 1212 2258 uidelicet
1236 2195 1322 2276 ignis
1348 2203 1421 2257 erat

317 2320 416 2383 supra
432 2320 561 2364 crucem
578 2299 735 2377 exterius,
749 2310 785 2364 et
800 2299 1041 2363 descendentes
1056 2299 1216 2362 dixerunt
1231 2299 1331 2363 nichil
1346 2319 1420 2362 esse

317 2403 512 2469 timendum.
580 2405 845 2488 Verumptamen
888 2406 974 2487 ignis
1015 2426 1147 2488 semper
1185 2405 1421 2482 descendebat,

317 2528 515 2574 consumens
538 2529 668 2573 crucem
692 2529 797 2593 usque
820 2509 862 2573 ad
886 2507 1023 2573 collum¹
1047 2509 1080 2572 in
1103 2530 1171 2592 quo
1192 2509 1250 2572 diu
1273 2509 1420 2584 ardebat,

317 2634 378 2678 nec
394 2624 505 2678 tamen
523 2614 670 2678 exterius
686 2613 877 2698 apparebat
923 2614 1024 2677 Vnde
1040 2614 1156 2679 iratres
1175 2613 1419 2697 aliquantulum

317 2717 493 2782 confortati
507 2718 669 2800 putabant
683 2718 793 2800 ignem
806 2719 989 2782 euanuisse.
1029 2718 1096 2784 Sed
1110 2727 1309 2800 consumpto
1321 2717 1422 2781 collo²

317 2822 437 2888 cecidit
453 2822 573 2887 serrum
590 2823 680 2906 quod
696 2825 852 2906 portabat
874 2823 1093 2906 uentilogium
1109 2823 1207 2886 simul
1223 2843 1299 2886 cum
1314 2843 1421 2898 cruce,

317 2938 351 2992 et
366 2939 445 2993 tunc
467 2927 655 2991 terribiliter
675 2928 872 2992 uolauerunt
892 2926 1035 2992 scintille
1056 2929 1153 3010 ignee
1172 2927 1267 3011 quasi
1288 2928 1419 3010 sagitte,

317 3045 351 3100 et
372 3034 546 3116 plumbum
569 3034 752 3117 eliquatum
776 3034 870 3116 quasi
894 3034 974 3097 solia
996 3033 1092 3108 niuis,
1112 3042 1147 3097 et
1167 3033 1420 3096 combusserunt

318 3139 501 3202 uicinorum
517 3138 637 3202 domos
652 3138 760 3219 primo
777 3139 973 3201 remociores
994 3148 1029 3202 et
1049 3139 1264 3219 postmodum
1286 3137 1419 3220 propin·

318 3243 458 3326 quiores.
502 3241 633 3305 Ventus
649 3241 774 3307 interea
790 3251 861 3305 erat
876 3241 923 3306 ita
938 3241 1119 3305 uehemens
1133 3251 1168 3305 et
1179 3240 1318 3324 frigidus
1329 3240 1418 3323 quod

319 3347 429 3411 nullus
445 3347 506 3411 sibi
523 3346 575 3410 uel
592 3346 665 3428 alijs
683 3347 792 3430 potuit
803 3345 988 3410 subuenire.
1035 3347 1127 3431 Ignis
1143 3367 1276 3430 quoque
1291 3345 1420 3409 furebat

318 3464 352 3518 et
367 3462 440 3517 tota
452 3462 549 3517 nocte
566 3449 622 3515 illa
637 3451 777 3515 ardebat
792 3460 827 3514 et
841 3451 896 3515 die
911 3462 1072 3533 sequente
1087 3471 1191 3534 usque
1207 3450 1249 3514 ad
1265 3469 1420 3514 occasum

318 3554 405 3620 solis.
451 3555 503 3619 De
528 3565 616 3620 turre
640 3575 719 3618 uero
741 3553 862 3619 cecidit
885 3554 971 3637 ignis
992 3574 1092 3638 super
1113 3555 1260 3628 chorum,
1282 3563 1317 3618 et
1342 3575 1420 3619 con·

318 3660 469 3744 sumpsit.
515 3658 609 3742 Quot
624 3659 771 3740 dampna
787 3668 866 3723 tunc
883 3659 1100 3722 sustinuimus
1111 3658 1154 3722 de
1165 3658 1289 3722 tabulis
1300 3657 1421 3735 fractis,

318 3767 361 3829 de
383 3764 543 3848 orologi0‚
565 3764 607 3826 de
630 3763 778 3844 plumb0,
798 3762 842 3826 de
863 3761 1023 3839 fenestris,
1044 3763 1087 3825 de
1107 3763 1280 3845 campanis
1301 3759 1421 3840 fractis,

318 3871 362 3934 de
372 3872 521 3952 dampno
533 3869 727 3946 uicinorum,
738 3870 780 3932 de
792 3869 950 3950 expensis
963 3867 1058 3931 sactis
1073 3868 1160 3932 circa
1176 3867 1420 3949 reparacionem

319 3976 478 4052 omnium,
495 3975 576 4038 deus
591 3973 805 4057 omnipotens
821 3974 923 4038 nouit.

530 4159 539 4193 ¹
556 4159 654 4222 tollum,
669 4161 725 4211 MS.
1018 4155 1030 4188 ²
1044 4157 1106 4220 tolo,
1120 4157 1179 4208 MS.
