3192 5067
344 327 412 395 162
483 323 614 397 House
639 322 721 397 and
741 323 851 396 lands
876 322 924 420 of
951 323 1121 397 Wlliam
1157 324 1275 421 Wnyn
1326 322 1446 421 [aoox

338 506 414 562 alibi.
452 508 490 562 Et
514 506 612 562 dicunt
635 506 714 579 quod
736 509 881 579 predictus
907 510 993 579 Hugo
1018 520 1110 565 rotam
1130 520 1158 565 et
1179 509 1304 564 iusillum
1326 508 1448 563 ferreum

339 593 494 650 molendini
523 595 642 665 predicti
670 607 700 651 et
728 597 820 652 molas
844 596 973 652 eiusdem
998 612 1032 653 ex
1056 614 1174 653 assensu
1198 607 1228 653 et
1251 597 1396 653 voluntate
1419 604 1448 650 et

340 682 459 737 consilio
471 683 591 754 predicti
605 685 745 742 Gnidonis
762 686 837 757 cepit
849 696 878 742 et
894 688 1060 756 asportauit,
1072 698 1100 743 et
1114 685 1236 759 [partem
1250 686 1316 741 inde
1329 684 1358 740 in
1371 684 1449 740 curia

342 770 460 842 predicti
478 772 618 828 Gnidonis
635 773 664 827 in
682 774 843 844 depositum
861 773 897 828 ad
915 775 1088 829 seruandum
1104 774 1205 845 posuit
1245 776 1290 829 lta
1306 772 1381 844 quod
1399 788 1449 843 per

342 860 547 917 alienacionem
560 871 589 917 et
601 862 830 933 asponacionem
843 860 962 933 predicti
975 860 1101 917 meremii
1112 860 1205 917 amisit
1216 860 1358 932 predictus
1370 858 1449 915 Prior

342 948 488 1021 hucusque
500 950 644 1005 redditum
655 947 750 1021 sunm]
755 948 771 1005 ¹.

558 1095 608 1158 88.
652 1091 820 1158 Placitum
842 1090 881 1155 dc
912 1090 1069 1155 Willelmo
1100 1090 1232 1173 Waryn.

179 1210 330 1313 Qfflffl
412 1221 450 1284 ln
473 1220 553 1284 villa
578 1220 622 1285 de
649 1220 794 1285 Bertone
817 1228 890 1283 erat
912 1220 1049 1303 quidam
1073 1221 1175 1284 homo
1198 1220 1289 1297 liber,
1312 1228 1449 1284 vocatus

180 1312 307 1404 {Qu
343 1325 479 1388 nomine
498 1326 655 1389 Warinus
673 1334 743 1389 atte
763 1324 860 1401 Dole,
881 1324 937 1408 qui
962 1324 1108 1388 habebat
1130 1322 1234 1388 filium
1258 1323 1392 1387 unicum
1415 1334 1450 1387 et

172 1414 329 1511 w
343 1428 499 1493 heredem
526 1429 583 1512 qui
609 1430 792 1493 vocabatur
820 1426 1008 1493 Willelmus
1035 1428 1172 1511 Waryn.
1218 1428 1285 1511 Qui
1312 1429 1447 1511 quidem

179 1512 313 1606 lliailffl'
343 1532 532 1599 Willelmus
552 1543 629 1617 post
649 1544 792 1600 mortem
808 1535 913 1617 patris
928 1534 978 1598 sui
995 1532 1145 1598 ieofl'auit
1159 1535 1334 1599 dominum
1351 1532 1390 1599 G.
1406 1534 1449 1597 de
1530 1568 1595 1635 Μ

181 1615 283 1657 ΒΜ·
344 1638 509 1703 Londone
532 1639 730 1702 canonicum
755 1638 798 1701 de
824 1636 1026 1702 Bernewelle
1050 1639 1093 1702 de
1117 1639 1273 1701 omnibus
1297 1638 1391 1703 terris
1415 1644 1450 1701 et

343 1742 543 1806 tenementis
566 1762 632 1825 que
654 1740 786 1805 suerunt
810 1741 949 1824 predicti
972 1741 1099 1805 Warini
1121 1742 1225 1823 patris
1247 1741 1296 1807 sui
1318 1741 1449 1805 invilla

343 1858 378 1912 et
400 1849 527 1931 campis
549 1847 592 1912 de
616 1848 760 1912 Bertone
783 1858 845 1913 etc.
891 1846 1049 1912 Processu
1073 1868 1153 1911 uero
1175 1847 1335 1929 temporis
1360 1848 1447 1911 idem

343 1952 532 2016 Willelmus
547 1950 674 2036 Waryn
692 1952 838 2034 suscepit
854 1951 1005 2016 habitum
1022 1953 1054 2015 in
1071 1953 1174 2016 domo
1189 1952 1232 2015 de
1249 1950 1449 2016 Bemewelle

343 2054 494 2118 conuersi
526 2053 611 2136 layci
625 2075 639 2132 ;.
667 2062 701 2117 et
731 2074 797 2117 non
831 2054 937 2117 multo
966 2062 1043 2137 post
1069 2055 1112 2117 de
1138 2074 1301 2117 consensu
1329 2054 1450 2117 Prioris

344 2159 463 2223 missus
484 2167 556 2222 erat
577 2156 666 2221 idem
683 2158 901 2242 W[iilelmus]
923 2179 1104 2223 conuersus
1124 2157 1167 2222 ad
1184 2158 1448 2236 custodiendum,

343 2264 530 2339 colendum,
546 2274 579 2327 et
594 2262 793 2327 saluandum
811 2272 915 2327 terras
931 2273 964 2328 et
980 2273 1172 2328 tenementa
1188 2265 1347 2347 predicta,
1358 2266 1448 2347 quod

342 2366 425 2433 satis
447 2366 589 2431 fideliter
610 2376 644 2431 et
666 2367 790 2432 deuote
812 2367 1047 2451 humiliterque
1070 2366 1148 2432 iecit
1168 2377 1341 2451 tamquam
1363 2367 1449 2432 filius

343 2471 544 2536 obediencie.
591 2470 812 2554 Euolutisqne
833 2472 947 2556 paucis
966 2472 1084 2536 diebus
1100 2471 1188 2535 idem
1205 2471 1306 2535 frater
1321 2472 1449 2536 Willel-

343 2597 418 2640 mus
433 2596 614 2640 conuersus
630 2576 720 2641 febre
735 2585 907 2659 correptus
923 2578 1057 2654 ibidem,
1073 2576 1227 2641 videlicet
1243 2576 1275 2640 in
1292 2577 1449 2641 domibus

342 2702 407 2765 que
434 2702 493 2745 sue
520 2688 615 2744 erant
641 2690 720 2743 ante
746 2680 1007 2759 conuersionem,
1031 2680 1207 2764 expirauit‚
1233 2690 1449 2763 mortuusque

342 2785 474 2850 delatus
495 2794 546 2848 est
561 2792 596 2847 et
611 2783 763 2865 sepultus
784 2784 818 2847 in
838 2783 1002 2867 cimiterio
1017 2786 1253 2848 canonicorum
1268 2785 1312 2849 de
1328 2784 1447 2849 Beme·

343 2889 436 2953 welle
452 2888 538 2951 inter
553 2886 677 2951 iratres.

180 3000 283 3091 „gw'
409 2993 499 3076 Quia
529 2992 628 3076 igitur
657 2992 783 3056 bonum
814 3001 865 3056 est
896 2992 1085 3074 premunire
1115 2990 1252 3068 futuros,
1279 3001 1315 3056 ut
1342 2992 1449 3057 sciant

180 3089 307 3190 33:2¹⁰
343 3095 493 3159 malicias
523 3094 697 3158 hominum
727 3095 886 3167 deuitare,
914 3094 1021 3158 sciant
1050 3114 1168 3158 omnes
1198 3103 1232 3158 et
1260 3096 1450 3159 memoriter

179 3188 328 3282 ῗξῗξξιῖξιῇ,
344 3200 508 3263 retineant
530 3200 620 3282 quod
644 3198 812 3281 predictus
834 3197 990 3261 Warinus
1011 3208 1081 3261 atte
1100 3196 1187 3261 Dole
1209 3197 1325 3262 habuit
1346 3220 1449 3283 quen-

343 3304 422 3367 dam
439 3301 583 3380 sratrem‚
601 3302 785 3366 Henricum
803 3302 947 3379 nomine,
962 3302 1019 3385 qui
1036 3302 1156 3386 laqueo
1171 3322 1351 3385 suspensus
1369 3314 1449 3367 erat.

344 3408 390 3471 Et
417 3408 472 3472 ille
499 3408 666 3472 Henricus
693 3406 810 3470 habuit
836 3407 1006 3487 quendam
1029 3406 1133 3469 filium
1157 3406 1365 3490 capellanum
1390 3428 1448 3473 no-

343 3513 433 3576 mine
459 3512 655 3576 Walterum.
701 3510 769 3574 Hic
791 3510 960 3575 Walterus
987 3512 1020 3574 in
1048 3512 1165 3576 itinere
1192 3512 1447 3593 justiciariorum

342 3637 402 3700 per
422 3616 595 3680 consilium
616 3614 779 3697 Johannis
794 3616 838 3679 de
855 3614 1124 3698 Metheringham
1142 3616 1334 3700 impetrauit
1349 3617 1449 3681 breue

344 3720 447 3803 Regis
469 3730 584 3784 contra
606 3720 751 3782 Priorem
773 3718 816 3782 de
836 3717 992 3782 omnibus
1010 3720 1105 3783 terris
1121 3728 1154 3783 et
1169 3721 1369 3784 tenementis
1384 3739 1449 3802 que

343 3825 464 3889 suerint
493 3824 654 3888 Willelmi
685 3822 813 3905 Waryn
845 3822 877 3886 in
910 3821 1065 3902 Bertone,
1094 3823 1208 3888 dicens
1237 3822 1328 3906 quod
1360 3824 1447 3887 idem

343 3928 560 4015 W[illelmus]
591 3928 676 4010 obijt
706 3928 784 3992 inde
816 3928 960 4011 seysitus
989 3935 1061 4003 etc,
1090 3936 1125 3992 et
1154 3928 1246 4011 quod
1276 3928 1347 4011 ipse
1378 3937 1449 3992 erat

342 4035 559 4119 propinquior
583 4034 655 4097 eius
681 4033 776 4097 heres
798 4041 869 4109 etc..
892 4040 927 4096 et
950 4032 1075 4096 multas
1098 4032 1206 4096 minas
1228 4032 1449 4115 pretendebat

341 4148 403 4205 etc.
464 4138 531 4204 Sed
562 4147 742 4222 postquam
772 4137 966 4220 oppositum
997 4146 1068 4201 erat
1098 4136 1128 4199 ei
1159 4136 1202 4200 de
1231 4136 1449 4220 suspensione

341 4243 460 4320 fratris,
482 4242 698 4307 uehementer
722 4239 901 4316 obmutuit,
926 4248 960 4304 et
987 4260 1054 4303 non
1081 4240 1153 4303 sine
1180 4241 1299 4305 rubore
1326 4258 1449 4323 magno

340 4348 442 4413 breue
464 4367 561 4413 suum
585 4346 734 4411 retraxit

631 4462 641 4495 ¹
658 4462 921 4529 partem...Guydonis
937 4462 997 4514 inde
1013 4462 1132 4530 positum,
1151 4462 1208 4515 MS.
