3192 5067
739 291 982 364 Mc'sccllanca

435 477 458 534 b.
503 477 586 536 Sedes
605 477 771 553 episcopales
791 483 820 534 ct
838 476 1084 552 archiepiscopales
1104 475 1136 533 c'n
1157 474 1279 549 Anglia.

367 622 617 701 Archiepiscopus
639 622 861 685 Cantuariensis
883 624 938 683 hos
960 624 1050 684 habet
1071 624 1278 699 suffraganeos.

548 747 804 809 Londoniensem.

548 850 732 910 Roffensem.

549 944 777 1011 Cicestreusem.

548 1044 761 1107 Oxoniensem.

549 1144 802 1223 Wyntoniensem.

550 1243 792 1305 Bathoniensem.

548 1342 805 1404 Sarisburiensem.

548 1438 801 1519 Wygomiensem.

550 1539 811 1599 Herefordensem.

550 1638 794 1699 Coueutrensem.

549 1734 802 1796 Lincolniensem.

548 1834 719 1911 Elyensem.

550 1932 787 2009 Norwycensem.

365 2072 396 2121 et
417 2060 448 2139 iij
470 2060 500 2121 in
523 2060 636 2123 Wallia

548 2181 779 2257 Bangorensem.

549 2282 598 2341 De
618 2290 723 2341 sancto
744 2279 855 2358 Asaph.

548 2379 787 2439 Landauensem.

549 2478 756 2539 Beneuensenr
780 2478 939 2557 (Menan).

366 2608 616 2686 Archiepiscopus
632 2607 830 2670 Eboracensis
843 2611 899 2669 hos
913 2609 1005 2669 habet
1018 2609 1218 2686 suffraganeos
1233 2609 1263 2668 in
1279 2610 1393 2687 Anglia

549 2727 792 2786 Dunelmensem.

550 2825 784 2884 Karleolensem.

569 3012 592 3054 c.
640 2989 734 3073 Officc
754 2992 795 3071 af
811 2990 862 3055 cla
887 2991 976 3071 Holy
1004 2992 1035 3054 T
1032 2992 1142 3074 riccity.

225 3154 240 3203 f.
256 3153 293 3204 rb
367 3133 406 3189 In
421 3131 599 3189 ocncracc'onc
615 3137 710 3189 sancte
721 3130 887 3189 tn'rcc'iatis:
905 3129 1033 3207 offia'um.
1078 3129 1243 3190 Benedicta
1257 3132 1294 3189 sit
1308 3142 1411 3190 sancta

307 3227 428 3299 trinitas,
444 3239 532 3303 atque
548 3225 675 3287 indiuisa
689 3225 794 3286 unitas.
828 3225 1038 3286 confitebimur
1049 3225 1075 3285 ei
1087 3226 1157 3303 quia
1170 3226 1241 3287 lecit
1254 3227 1410 3288 nobiscum

306 3324 538 3387 misericordiam
566 3343 658 3383 suam.
704 3324 733 3385 S.
778 3322 996 3385 Benedicamus
1023 3337 1138 3401 patrem
1166 3337 1197 3385 et
1225 3325 1317 3385 filium
1342 3346 1410 3385 cunr

306 3436 410 3485 sancto
425 3422 536 3501 spiritu.
584 3422 695 3483 Oracia.
740 3421 940 3499 Omnipotens
955 3420 1135 3500 sempiterne
1148 3424 1223 3484 deus
1237 3423 1289 3501 qui
1303 3423 1412 3485 dedisti

305 3520 423 3582 famulis
450 3520 508 3581 tuis
536 3520 568 3580 in
592 3518 780 3580 confessione
808 3538 877 3581 uere
904 3518 975 3580 fidei
1003 3530 1103 3580 eterne
1128 3518 1264 3580 trinitatis
1287 3520 1411 3598 gloriam

305 3638 475 3697 agnoscere,
500 3629 531 3678 et
557 3615 589 3677 in
614 3616 783 3695 potenciam
812 3614 973 3677 maiestatis
997 3617 1120 3677 adorare
1147 3616 1310 3678 unitatem!
1344 3637 1413 3694 que-

307 3737 408 3779 sumus
429 3728 462 3777 ut
483 3717 616 3777 eiusdem
637 3715 707 3776 fidei
727 3714 865 3777 firmitate
886 3718 925 3776 ab
945 3716 1086 3776 omnibus
1106 3736 1225 3794 semper
1246 3717 1413 3778 muniamur

272 3798 279 3814 ⁹
307 3818 457 3878 aduersis!
479 3815 539 3892 Qui
555 3814 629 3875 uiuis
644 3827 674 3875 et
688 3834 792 3893 regnas
807 3816 881 3875 deus
896 3834 949 3892 per
961 3816 1063 3875 omnia
1077 3816 1177 3875 secula
1190 3818 1367 3876 seculorum.

368 3916 422 3976 Ad
450 3914 622 3975 Comatam.
680 3916 814 3973 Fratres!
846 3909 949 3973 Gratia
976 3909 1091 3971 domini
1118 3911 1204 3973 ihesu
1236 3912 1353 3973 christit
1384 3925 1414 3974 et

310 4013 429 4075 Karitas
462 4012 520 4073 dei.
574 4014 612 4072 Et
646 4010 886 4073 communicacio
919 4009 1013 4070 sancti
1048 4011 1174 4088 spiritus.
1227 4011 1265 4073 sit
1298 4032 1415 4091 semper

308 4132 377 4174 curn
398 4111 538 4173 omnibus
559 4112 654 4173 nobis.
699 4114 735 4171 In
757 4112 867 4172 christo
888 4110 991 4171 ihesu!
1018 4108 1143 4172 domino
1163 4122 1274 4174 nostro.

370 4214 425 4271 Ad
447 4214 613 4272 Romanas:
641 4210 670 4272 Ο
694 4207 821 4270 altitudo
848 4207 1022 4270 diuicianrm
1051 4210 1202 4289 sapiencie
1229 4224 1258 4272 et
1287 4212 1415 4275 sciencie

310 4312 377 4373 dei!
400 4330 491 4388 quarn
506 4308 817 4387 incomprehensibilia
831 4322 899 4369 sunt
913 4307 1022 4369 iudicia
1036 4308 1105 4369 eius
1152 4322 1182 4370 et
1196 4310 1416 4389 inuestigabiles
