3192 5067
269 348 272 355 ¹
327 328 374 399 ‘18
676 314 680 319 ’
711 312 714 323 ’
754 316 997 391 Miscellama

327 513 422 579 atque
436 498 548 560 'mulien
592 496 629 557 Iri
648 496 863 559 resurrectione
876 492 948 576 ergo
961 516 1032 558 curn
1051 488 1276 558 resurrexerint!
1296 491 1380 555 cuius
1398 482 1439 551 de

328 598 375 659 his
393 596 448 663 erit
466 598 558 657 uxori
579 605 694 673 septem
714 594 795 657 enim
816 615 883 656 earn
903 594 1072 657 habuerunt
1090 586 1221 655 uxorem.
1265 596 1304 654 Et
1321 608 1440 669 respon·

329 698 405 759 dens
429 696 528 757 ihesus
552 692 594 755 ait
618 692 683 755 illis.
726 694 839 755 Nonne
863 694 933 755 ideo
956 691 1059 755 erratis
1086 694 1254 754 nescientes
1281 690 1440 769 scripturas

168 826 289 873 amr..
331 814 429 872 neque
451 792 590 855 uirtutem
612 791 681 853 dei!
706 794 785 854 Cum
807 789 890 854 enim
909 814 929 853 a
949 789 1073 854 mortuis
1093 790 1320 853 resurrexerint!
1342 806 1441 866 neque

166 874 315 972 itiingii'ssri‘
329 896 446 955 nubent
461 913 560 971 neque
574 893 739 953 nubentur!
761 892 816 953 sed
829 906 898 954 sunt
912 891 988 953 sicut
1001 889 1099 969 angeli
1112 886 1144 949 in
1158 891 1238 952 celis.

167 979 252 1022 Μ·
393 994 552 1055 Secundum
580 995 699 1053 Lusum.
753 994 791 1052 In
825 992 876 1054 illo
908 1004 1051 1069 tempore.
1103 993 1261 1068 loquente
1291 988 1376 1049 ihesu
1403 986 1444 1046 ad

332 1093 451 1153 turbas!
482 1091 628 1151 extollens
653 1108 767 1151 uocem·
785 1091 915 1168 quedam
940 1090 1047 1151 mulier
1071 1091 1110 1151 de
1133 1091 1221 1150 turbs
1244 1099 1275 1148 et
1299 1084 1374 1146 dixit
1401 1082 1443 1143 illi

333 1194 442 1253 Beatus
469 1202 574 1252 uenter
601 1188 653 1269 qni
681 1201 711 1252 te
736 1192 885 1269 portauit}
914 1199 943 1250 et
969 1192 1060 1251 ubera
1087 1209 1147 1268 que
1173 1185 1284 1248 suxisti.
1328 1186 1368 1245 At
1393 1182 1445 1244 ille

333 1288 415 1352 dixit.
459 1286 637 1365 Quinimmo
645 1292 660 1345 t·
684 1287 763 1350 beati
788 1288 841 1365 qui
864 1287 992 1350 audiunt
1015 1292 1141 1351 uerbum
1163 1286 1213 1350 dei
1234 1296 1325 1363 atque
1348 1291 1445 1343 custo

334 1389 421 1450 diunt
442 1386 523 1450 illud.

372 1522 373 1525 κ
397 1488 557 1549 secundm
568 1487 744 1565 Jolrannem.
789 1488 827 1546 ln
846 1484 994 1566 principio
1012 1498 1075 1550 erat
1088 1489 1223 1550 uerbum.
1268 1486 1307 1545 Et
1320 1482 1446 1543 uerbum

335 1597 398 1647 erat
416 1586 497 1665 apud
515 1585 614 1647 deum.
660 1588 699 1646 Et
718 1586 793 1647 deus
813 1596 876 1646 erat
895 1586 1029 1647 uerbum.
1074 1589 1145 1647 Hoc
1166 1597 1228 1647 erat
1249 1583 1280 1644 in
1298 1578 1447 1661 principio

335 1684 416 1761 apud
438 1684 536 1746 deum.
581 1683 692 1745 Omnia
712 1702 766 1762 per
788 1684 884 1761 ipsum
906 1686 985 1746 iacta
1006 1690 1093 1746 suntt
1114 1695 1145 1747 et
1165 1683 1229 1745 sine
1248 1682 1315 1760 ipso
1335 1682 1447 1739 facturn

337 1794 383 1844 est
408 1782 507 1843 nichil.
550 1783 642 1859 Quod
666 1784 777 1843 lactum
803 1795 866 1844 est:
894 1782 926 1843 in
949 1782 1018 1861 ipso
1041 1783 1103 1845 uita
1127 1794 1198 1844 erat
1243 1782 1282 1841 Et
1302 1776 1365 1839 uita
1386 1786 1449 1838 erat

338 1882 389 1941 lux
402 1879 568 1942 hominum.
613 1878 652 1941 Et
671 1882 720 1940 lux
740 1879 770 1941 in
790 1880 927 1943 tenebris
940 1875 1020 1943 lucet
1029 1904 1038 1958 3
1058 1893 1149 1960 atque
1167 1882 1290 1941 tenebre
1304 1896 1371 1939 earn
1385 1894 1449 1937 non

339 1978 638 2055 comprehenderunt.
682 1976 751 2038 Fuit
778 1977 872 2039 homo
896 1980 1003 2039 missus
1026 1999 1046 2039 a
1069 1980 1146 2039 deo!
1174 1977 1223 2038 cui
1247 1994 1360 2037 nornen
1387 1983 1450 2034 erat

255 2094 327 2149 tab
340 2077 492 2139 iohannes.
538 2076 600 2137 Hic
621 2076 705 2138 uenit
726 2075 756 2137 in
778 2076 982 2138 testimonium
1004 2090 1037 2139 ut
1057 2077 1266 2140 testimonium
1282 2072 1451 2153 perhiberet

340 2174 380 2235 de
403 2172 531 2234 Inminet
561 2186 593 2234 ut
615 2192 721 2235 omnes
745 2175 904 2235 crederent·
923 2194 979 2253 per
999 2176 1091 2237 illum.
1137 2177 1207 2237 Non
1229 2184 1292 2235 erat
1313 2172 1363 2233 ille
1383 2172 1450 2231 lux!

341 2272 394 2333 sed
415 2282 448 2332 ut
472 2270 867 2351 testimonium0perhiberet
887 2276 927 2335 de
947 2275 1069 2338 lumine.
1113 2277 1185 2335 Erat
1205 2275 1255 2334 lux
1276 2275 1364 2334 uera!
1392 2288 1452 2348 qne

341 2370 489 2431 illuminat
513 2389 636 2432 omnem
661 2370 815 2435 hominem
844 2373 1015 2435 uenientem
1044 2374 1075 2435 in
1103 2376 1185 2436 hunc
1214 2374 1369 2435 mundum.
1415 2372 1452 2431 ln

343 2468 457 2530 mundo
485 2480 555 2544 erat,
584 2480 676 2548 atque
700 2472 831 2532 rnundns
855 2490 909 2550 per
930 2474 1029 2551 ipsum
1054 2475 1151 2535 factus
1174 2478 1236 2535 est!
1265 2484 1296 2533 et
1323 2469 1454 2531 mundus

335 2581 412 2628 eunt
427 2585 492 2629 non
503 2568 653 2645 cognouit.
697 2571 734 2629 In
749 2568 870 2649 propria
882 2569 983 2633 uenit!
1004 2585 1035 2636 et
1048 2572 1095 2634 sui
1109 2592 1178 2635 eurn
1194 2592 1256 2634 non
1270 2578 1452 2648 receperunt.
1492 2637 1500 2657 ¹

343 2668 502 2744 Quotquot
520 2677 619 2727 autem
640 2682 815 2745 receperunt
834 2676 923 2731 eum!
945 2670 1029 2732 dedit
1048 2668 1091 2733 eis
1105 2681 1287 2751 potestatem
1308 2666 1384 2728 filios
1405 2662 1455 2725 dei

344 2764 407 2825 fieri
427 2764 473 2824 his
495 2764 546 2841 qui
569 2764 694 2826 credunt
719 2765 749 2825 in
773 2767 896 2829 nomine
918 2766 989 2829 eius.
1032 2768 1092 2845 Qui
1114 2787 1177 2830 non
1202 2788 1239 2829 ex
1263 2762 1456 2843 sanguinibus

346 2882 445 2940 neque
466 2881 503 2924 ex
524 2863 680 2925 uoluntate
701 2864 798 2926 carnis
819 2886 919 2945 neque
939 2888 975 2928 ex
997 2868 1151 2929 uoluntate
1172 2864 1246 2927 uiri!
1268 2865 1322 2926 sed
1340 2882 1378 2923 ex
1396 2864 1456 2924 deo

345 2959 407 3021 nati
422 2970 499 3021 sunt.
544 2962 584 3021 Et
602 2964 728 3025 uerbum
751 2982 821 3025 caro
840 2966 1029 3027 factumest!
1049 2976 1140 3043 atque
1154 2962 1301 3025 habitauit
1315 2962 1346 3022 in
1360 2959 1455 3022 nobis.

348 3060 387 3119 Et
400 3057 531 3120 uidimus
545 3060 667 3137 gloriam
685 3060 767 3123 eius!
789 3064 914 3141 gloriam
933 3062 1017 3143 quasi
1032 3062 1175 3141 unigeniti
1190 3082 1208 3122 a
1221 3072 1316 3140 patre·
1330 3060 1457 3121 Plenum

346 3156 444 3235 gracie
464 3168 494 3219 et
514 3158 655 3220 ueritatis.

458 3415 490 3481 d.
534 3414 661 3492 Letters
683 3416 858 3501 dimissory
870 3422 933 3500 sor
952 3441 974 3483 a
1000 3419 1111 3487 Canon
1134 3418 1207 3483 wlco
1229 3416 1347 3483 rutilus

637 3556 639 3562 =
670 3530 701 3587 to
722 3522 843 3607 change
863 3524 916 3589 leis
938 3530 1140 3607 monastery¹.
1250 3534 1253 3541 '

403 3688 579 3761 [Uenerabili
598 3701 628 3748 et
645 3692 776 3761 religioso
794 3690 882 3763 viro[
1120 3735 1125 3747 .
1164 3690 1273 3763 Jpriori
1293 3691 1460 3745 Monasterii

341 3764 441 3831 'sancti
467 3775 562 3846 Egidii
587 3776 624 3833 de
649 3778 804 3834 Barnewell
830 3778 907 3833 iuxta
929 3778 1149 3849 Cantabrigiam,
1169 3776 1277 3831 Elicnsi
1298 3774 1414 3843 diocesi,
1431 3784 1461 3830 et

351 3864 478 3921 eiusdem
503 3864 557 3920 loci
583 3866 733 3921 conuentui
762 3866 901 3921 Ricardus
926 3866 1002 3937 prior
1022 3866 1161 3937 prioratus
1181 3865 1218 3919 de
1243 3864 1377 3933 Stonley²
1397 3863 1460 3917 Lin-

351 3951 488 4007 colniensi
497 3953 603 4009 diocesi
611 3964 640 4009 et
648 3953 776 4009 eiusdem
786 3954 841 4010 loci
851 3953 1136 4010 conuentussalutern
1146 3953 1175 4008 in
1185 3954 1313 4008 omnium
1322 3953 1462 4008 saluatore

351 4038 420 4111 quia
443 4039 562 4096 dilectus
586 4040 669 4096 nobis
693 4040 722 4097 in
749 4040 893 4113 Christo[
1113 4038 1126 4113 ]
1144 4057 1233 4112 nuper
1256 4038 1411 4097 canonicus
1434 4049 1464 4095 et

342 4178 344 4183 ’
402 4207 512 4261 ιτιιεκ
523 4218 574 4261 two
584 4211 929 4264 nocumennarenananu
939 4212 1019 4264 orne
1031 4212 1145 4273 fiuoenn
1155 4218 1267 4277 century.

402 4290 413 4324 ²
429 4293 453 4343 A
470 4292 553 4363 priory
563 4292 592 4343 ol
607 4294 698 4345 Austin
716 4296 819 4346 Connus
834 4305 861 4345 at
878 4296 997 4360 Stoneley
1012 4312 1073 4347 near
1090 4294 1247 4375 Kirnbolton,
1262 4296 1373 4347 founded
1389 4295 1466 4348 anon

355 4378 426 4428 1180.
459 4376 531 4426 Mon.
545 4376 623 4441 Ange.
635 4386 674 4428 vr.
689 4377 744 4441 ⁴7⁶·
