3192 5067
341 324 411 395 128
626 321 799 396 Electren
825 321 873 418 of
888 320 1010 394 Prior
1030 320 1165 415 symon
1321 316 1441 417 [Boou

337 504 551 589 Quapropter
579 505 704 570 viribus
733 505 881 589 corporis
916 502 1005 587 cepit
1041 502 1202 587 paulatim
1234 502 1380 577 destitui,
1409 502 1443 564 in

335 620 468 675 tantum
491 610 581 694 quod
605 610 731 675 diceret
753 609 910 673 fratribus
933 610 1000 673 suis
1024 630 1060 672 se
1083 608 1149 672 iam
1174 607 1291 672 morbo
1313 606 1444 671 sontico

337 714 496 794 laborare,
525 737 587 780 nec
616 736 715 799 posse
745 735 781 779 se
811 714 948 779 vlterius
984 714 1026 777 ad
1063 713 1292 777 defensionem
1323 714 1444 776 domus

336 818 492 884 sufficere.
539 820 586 884 Et
612 827 724 883 tamen
752 829 826 884 toto
852 829 1004 901 tempore
1035 838 1096 881 suo
1127 816 1216 881 bona
1246 815 1444 899 temporalia

336 921 553 999 sufficiebant,
584 943 651 986 non
683 932 816 986 tantum
852 920 895 985 ad
933 940 1029 985 usum
1067 919 1206 983 fratrum
1242 919 1300 984 sed
1337 919 1443 983 eciam

337 1028 487 1091 omnium
526 1025 650 1090 ibidem
689 1025 943 1090 declinancium.
1011 1024 1149 1089 Studuit
1187 1044 1266 1107 ergo
1304 1023 1445 1088 sollicite

338 1129 481 1212 qualiter
495 1129 604 1212 potuit
625 1150 684 1192 sue
703 1128 807 1211 quieti
829 1128 1004 1211 prouideri.
1049 1128 1128 1190 Vno
1144 1126 1244 1210 igitur
1259 1126 1445 1210 eodemque

339 1234 394 1298 die
409 1232 502 1297 uenit
518 1232 706 1316 Episcopus
723 1230 881 1313 Elyensis
902 1232 992 1312 apud
1016 1230 1219 1295 Bernewelle
1234 1240 1267 1295 et
1284 1240 1444 1315 patronus

278 1339 283 1347 ⁴
340 1346 452 1401 noster
481 1335 638 1400 dominus
668 1335 708 1401 G.
737 1335 873 1399 Pecche.
930 1334 1121 1416 Episcopus
1144 1354 1279 1416 quoque
1308 1334 1445 1399 intrauit

339 1440 532 1524 capitulum,
556 1449 589 1504 et
615 1440 773 1522 exposuit
799 1438 1060 1503 imbecillitatem
1088 1438 1208 1503 Prioris
1232 1459 1343 1503 coram
1369 1460 1446 1504 con-

339 1553 452 1620 uentu,
482 1553 516 1607 et
546 1545 637 1627 quod
673 1543 791 1608 habuit
827 1542 1037 1607 uoluntatem
1069 1542 1219 1607 cedendi.
1265 1543 1311 1607 Et
1347 1543 1445 1607 ualde

338 1648 493 1713 admirati
508 1656 587 1712 sunt
608 1648 724 1712 iratres
744 1658 815 1712 tam
837 1647 880 1711 de
901 1647 1096 1725 rumoribus,
1110 1667 1213 1730 quam
1234 1647 1277 1711 de
1298 1646 1444 1712 aduentu

338 1752 485 1835 episcopi
521 1762 556 1817 et
591 1754 723 1836 patroni
754 1753 850 1837 quasi
881 1774 925 1817 ex
957 1752 1135 1835 inprouiso.
1197 1750 1287 1835 Quid
1326 1751 1447 1834 plura?

176 1869 324 1923 Prtorlotnn
338 1855 540 1919 Volentibus
561 1876 618 1919 seu
640 1855 830 1921 nolentibus
853 1855 1017 1933 iratribus,
1033 1855 1243 1938 multumque
1265 1854 1446 1918 reclaman-

175 1921 272 1972 realgn·
285 1920 325 1962 hl·

174 1970 308 2063 mim
339 1960 437 2036 tibus,
453 1960 633 2042 resignauit
649 1962 831 2043 prioratum
848 1960 882 2023 in
900 1980 1017 2024 manus
1036 1960 1192 2044 episcopi.
1239 1958 1285 2023 Et
1301 1958 1447 2042 prouisio

173 2069 300 2173 ggtffipo
338 2062 420 2126 satis
440 2072 635 2147 competens
658 2063 720 2127 suit
743 2065 773 2127 ei
796 2083 955 2127 concessa
975 2084 1034 2146 per
1054 2072 1162 2127 totum
1187 2071 1390 2126 conuentum
1412 2062 1445 2126 in

340 2167 510 2251 presencia
532 2168 689 2250 episcopi.

405 2270 596 2335 Recedente
631 2291 710 2335 uero
745 2272 904 2355 episcopo
934 2271 1093 2335 remansit
1124 2272 1282 2353 magister
1316 2270 1445 2352 Symon

338 2373 380 2437 de
410 2373 544 2438 Ascelle
571 2374 627 2457 qui
656 2384 736 2438 tunc
762 2383 834 2439 erat
859 2374 1009 2438 officialis
1036 2374 1183 2456 episcopi
1210 2381 1246 2436 ut
1273 2373 1446 2437 interesset

337 2477 504 2543 eleccioni.
551 2477 727 2562 Petitaque
748 2478 885 2542 licencia
906 2480 949 2543 de
971 2486 1114 2561 patrono
1135 2476 1192 2559 qui
1212 2486 1291 2540 tunc
1311 2496 1446 2558 presens

337 2593 409 2647 erat
438 2582 592 2665 eligendi,
623 2594 852 2648 conuenerunt
883 2584 999 2649 iratres
1036 2584 1069 2646 in
1106 2582 1290 2665 capitulum
1326 2581 1445 2646 eodem

337 2686 402 2763 die,
427 2696 461 2750 et
487 2686 643 2750 inuocata
672 2686 785 2769 gracia
816 2688 951 2771 spiritus
980 2687 1089 2751 sancti
1120 2687 1233 2751 statim
1266 2696 1445 2751 tractatum

338 2790 486 2855 fecerunt
512 2789 555 2854 de
580 2790 753 2855 electione.
798 2791 1034 2875 Concessaque
1061 2790 1168 2855 tribus
1195 2790 1237 2855 de
1262 2790 1446 2855 senioribus

337 2904 505 2978 potestate
540 2894 698 2959 audiendi
735 2905 815 2959 uota
844 2894 1051 2978 singulorum
1088 2916 1148 2978 per
1178 2894 1384 2971 scrutinium,
1413 2903 1447 2958 et

337 3000 579 3084 pronunciandi
623 2999 655 3063 in
698 3000 831 3083 scriptis
876 3021 978 3083 quem
1025 3002 1137 3064 sanior
1178 3020 1255 3083 pars
1301 3000 1447 3083 elegerit,

337 3124 453 3168 omnes
482 3104 637 3169 exierunt
672 3104 715 3168 de
750 3104 908 3187 capitulo,
934 3106 1087 3188 exceptis
1119 3104 1224 3169 tribus
1254 3105 1447 3188 prenotatis.

337 3207 387 3271 At
414 3208 468 3283 illi,
496 3209 691 3291 incipientes
717 3228 738 3271 a
764 3207 950 3271 senioribus
977 3208 1173 3290 singillatim
1204 3209 1381 3272 audierunt
1411 3208 1445 3272 in

337 3310 469 3375 secretis
496 3322 576 3375 uota
602 3311 819 3393 singulorum,
843 3320 877 3375 et
904 3312 1095 3394 inscriptis
1123 3311 1323 3394 redigerunt.
1369 3311 1446 3395 Quo

337 3413 435 3489 sacto,
461 3424 690 3478 conuenerunt
720 3436 837 3479 omnes
869 3415 986 3479 iratres
1017 3416 1049 3478 in
1078 3415 1273 3498 capitulum,
1298 3425 1331 3479 et
1361 3436 1446 3478 unus

336 3520 436 3580 trium
476 3516 701 3601 predictorum
741 3520 975 3601 pronunciauit
1012 3521 1044 3583 in
1082 3520 1213 3603 scriptis
1250 3519 1445 3601 magistrum

176 3631 302 3675 &monde
339 3621 524 3704 Symonem
551 3621 594 3685 de
625 3621 761 3686 Ascelle
788 3625 820 3685 in
851 3624 997 3688 Priorem
1025 3634 1059 3688 et
1088 3626 1259 3687 Pastorem
1288 3622 1445 3686 canonice

174 3682 304 3793 333¹·
337 3746 411 3790 esse
436 3726 588 3789 electum.
634 3724 712 3808 Quo
739 3727 864 3805 audito,
887 3750 962 3793 cum
986 3730 1119 3792 cantico
1142 3727 1250 3791 laudis
1272 3736 1445 3810 surgentes

175 3782 280 3885 Pnor't
293 3840 324 3900 48
339 3851 463 3907 omnes,
479 3833 521 3895 ad
543 3829 727 3906 ecclesiam,
743 3839 780 3894 ut
802 3852 874 3895 mos
896 3843 956 3909 est,
972 3832 1152 3916 psallentes
1176 3833 1285 3915 ipsum
1302 3831 1444 3914 electum

338 3934 559 3998 deduxerunt
605 3934 655 3998 At
678 3934 734 3999 illo
758 3956 870 3999 coram
896 3956 1019 4019 magno
1040 3937 1145 4001 altare
1167 3945 1334 4020 prostrato
1358 3935 1446 3999 dixit

337 4038 491 4122 subprior
519 4047 612 4101 stans
642 4038 741 4102 iuxta
770 4059 848 4103 eum
879 4039 1071 4103 oracionem
1102 4050 1309 4104 consuetam.
1366 4038 1444 4103 Sur-

335 4162 485 4225 gensque
507 4140 632 4205 electus
654 4143 769 4206 statim
796 4151 1008 4226 presentatus
1032 4153 1083 4207 est
1106 4153 1257 4227 patrone,
1280 4144 1337 4227 qui
1364 4153 1444 4207 tunc

335 4266 471 4330 presens
496 4255 567 4309 erat
592 4248 626 4310 in
650 4247 801 4324 ecclesia,
825 4257 858 4311 et
884 4246 938 4311 ille
962 4248 1113 4329 gaudens
1138 4248 1275 4312 admisit
1299 4268 1387 4324 eum,
1411 4256 1445 4311 et

333 4350 502 4414 osculatus
530 4361 582 4415 est
611 4372 695 4416 eum.
743 4352 874 4416 Eodem
905 4372 1039 4435 quoque
1069 4352 1124 4415 die
1153 4354 1299 4436 acceptis
1326 4374 1441 4418 secum

332 4455 465 4521 duobus
485 4457 652 4521 canonicis
672 4457 870 4523 accelerauit
891 4456 934 4520 ad
955 4457 1150 4540 episcopum
1171 4478 1233 4541 pro
1254 4458 1442 4543 optinenda
