3192 5067
331 318 380 406 46
533 314 571 386 T
567 312 611 387 lte
640 315 786 387 Canem
814 338 953 387 remow
980 321 1016 387 to
1043 314 1247 387 Barnwell
1327 309 1446 415 [soors

252 493 256 499 ”
330 514 380 554 eas
392 508 507 554 teneant
525 496 599 553 sicut
615 498 718 555 melius
733 509 762 554 et
774 498 889 554 liberius
907 511 1034 569 tempore
1050 499 1124 569 regis
1143 499 1260 554 Henrici
1273 507 1444 564 tenuerunt;

331 603 367 642 ne
389 587 522 657 cuiquam
545 587 629 642 liceat
651 603 700 641 eos
723 588 768 642 uel
791 604 843 641 sua
861 596 967 643 temere
985 589 1148 659 perturbare
1166 598 1215 643 aut
1235 587 1360 658 aliquam
1379 586 1445 641 inde

329 676 516 731 uexacionem
537 675 647 731 inferre

427 858 472 921 18.
518 856 571 920 De
591 855 807 920 tramlacibna
826 856 1051 920 canonicorum
1066 855 1105 921 de
1129 854 1343 939 cantebrigia

693 961 860 1043 usquead
878 960 1079 1025 Bemewell.

168 1104 236 1145 ΗΝ
255 1100 317 1143 ¹³⁸¹¹¹
395 1106 454 1171 Ad
483 1105 668 1171 Ecclesiam
697 1106 813 1172 Sancti
843 1106 954 1189 Egidij
981 1107 1024 1170 de
1051 1106 1274 1190 Cantebrigia,
1301 1114 1339 1169 ut
1369 1126 1442 1190 pre-

168 1152 269 1196 Peverel
279 1163 317 1193 re·

167 1202 458 1297 ffigflstffgdictum
488 1220 549 1287 est,
577 1212 710 1275 Picotus
736 1211 922 1275 vicecomes
952 1212 1130 1275 canonicos
1162 1210 1324 1286 fundauit,
1352 1231 1441 1275 anno

168 1303 294 1396 {min
330 1313 457 1378 domini
475 1324 528 1378 m⁰.
545 1316 764 1398 nonagesimo
780 1316 935 1379 secundo.
979 1314 1046 1380 Sed
1068 1317 1111 1379 ad
1128 1313 1313 1397 predictum
1331 1315 1439 1379 locum

167 1406 317 1497 ffifflm
331 1420 373 1484 de
392 1419 594 1483 Bemewelle
615 1430 818 1484 memoratus
840 1422 890 1483 uir
911 1421 1064 1503 egregius
1086 1420 1240 1503 Paganus
1263 1422 1441 1485 canonicos

167 1504 309 1597 {iffi
332 1525 498 1609 regulares
525 1546 600 1588 cum
629 1545 753 1607 magno
779 1534 943 1607 apparatu
972 1534 1005 1588 et
1028 1524 1234 1609 supellectili,
1259 1527 1441 1591 comitante

167 1611 295 1698 bil'l‘l'l'
332 1650 398 1694 non
423 1629 556 1694 modica
580 1639 715 1694 caterua
734 1629 813 1693 cleri
836 1640 870 1693 et
893 1629 1009 1714 populi
1029 1638 1063 1693 et
1081 1629 1298 1712 burgencium
1320 1632 1441 1697 Cante-

166 1704 301 1747 wondroua

167 1754 301 1848 mm
332 1734 446 1817 brigie,
461 1755 481 1797 a
496 1736 605 1817 primo
628 1733 837 1799 fundacionis
858 1734 932 1798 loco
947 1744 1125 1818 postquam
1143 1736 1188 1799 ibi
1204 1745 1367 1801 steterant
1382 1756 1441 1819 per

169 1856 195 1899 s.
209 1856 319 1897 Anarew
332 1838 450 1921 viginti
473 1858 580 1902 annos
602 1838 780 1915 transtulit,
804 1847 837 1902 et
862 1839 1041 1903 translatos
1067 1840 1099 1901 in
1125 1839 1276 1922 predicto
1302 1840 1376 1904 loco
1398 1842 1441 1905 de

168 1907 282 2000 ffhttem
332 1942 534 2007 Bemewelle
557 1942 663 2007 multo
686 1945 794 2026 magis
818 1944 865 2007 eis
885 1954 1051 2027 oportuno
1071 1964 1146 2009 curn
1170 1946 1295 2027 gaudio
1317 1966 1441 2028 magno

332 2046 517 2122 collocauit,
548 2065 637 2110 anno
667 2044 795 2110 domini
826 2062 880 2111 m0.
912 2056 949 2110 0⁰.
981 2047 1052 2130 xij0,
1082 2047 1323 2131 ecclesiamque
1358 2050 1441 2114 mire

333 2150 587 2233 pulchritudinis
610 2161 644 2215 et
671 2153 850 2234 ponderosi
875 2152 984 2235 operis
1009 2152 1040 2215 in
1066 2152 1191 2217 honore
1213 2153 1302 2218 beati
1329 2154 1439 2237 Egidij

333 2254 457 2320 ibidem
479 2255 655 2320 inchoauit.
701 2255 824 2338 Sicque
844 2256 962 2321 beatus
978 2255 1133 2320 Andreas
1155 2258 1241 2321 sicut
1263 2259 1296 2321 in
1315 2257 1387 2322 celo
1407 2268 1441 2323 et

333 2360 366 2423 in
390 2370 477 2424 terra
499 2359 634 2423 beatum
663 2359 821 2441 Egidium
849 2360 912 2423 sibi
939 2361 1107 2424 associans
1131 2359 1347 2445 hospicioque
1370 2383 1440 2426 sus-

332 2464 459 2547 cipiens
478 2463 600 2546 hospes
619 2464 690 2527 eius
710 2483 815 2545 usque
835 2464 867 2526 in
891 2463 1088 2527 hodiernum
1112 2465 1201 2529 diem
1223 2476 1275 2531 est
1295 2468 1441 2544 effectus,

332 2578 367 2632 et
389 2567 490 2631 ambo
512 2576 709 2651 permanent
731 2569 881 2632 eiusdem
905 2567 968 2631 loci
989 2570 1120 2650 patroni
1139 2589 1244 2653 usque
1265 2572 1297 2635 in
1319 2574 1440 2654 sempi-

333 2682 474 2737 ternum.

257 2858 318 2922 r.15
458 2870 503 2933 19.
547 2852 600 2916 Dc
622 2861 724 2916 morte
746 2850 900 2933 Galfridi
919 2852 1060 2931 Prioris,
1073 2863 1105 2917 et
1117 2854 1157 2917 dc
1170 2854 1318 2939 reliquijs

606 2977 689 3040 quas
709 2957 871 3039 Paganus
891 2956 983 3020 dedit
1001 2958 1170 3023 canonicis.

170 3102 262 3195 gg&
400 3101 628 3178 Postmodum,
652 3100 804 3166 Gallrido
826 3101 934 3185 priore
956 3100 1115 3167 defuncto
1137 3112 1171 3167 et
1195 3102 1344 3169 Gerardo
1368 3105 1440 3171 uiro

169 3199 306 3245 “mm
334 3204 492 3269 munifico
514 3215 549 3269 et
571 3206 663 3289 largo
686 3206 717 3270 ei
740 3207 929 3283 substituto,
954 3226 1016 3271 sex
1042 3207 1197 3271 ecclesias
1224 3228 1266 3272 eo
1289 3219 1441 3293 ternpore

279 3329 285 3342 ·
334 3319 502 3387 uacantes,
524 3330 607 3392 quas
633 3311 661 3374 si
685 3310 786 3374 uellet
810 3310 937 3375 auferre
961 3312 1079 3395 potuit,
1102 3312 1280 3395 impetrata
1303 3312 1440 3379 Domini

170 3401 303 3497 {gffied
337 3412 462 3477 Heruei
479 3414 634 3497 Elyensis
650 3414 811 3497 Episcopi
828 3414 1050 3490 concessione,
1064 3416 1097 3479 in
1110 3436 1188 3479 usus
1203 3420 1438 3483 canonicorum

169 3504 294 3597 ῗξξὲζὲἴ
335 3519 499 3583 conuertit
512 3540 519 3596 ;
542 3539 710 3601 unamque
724 3518 838 3582 hidam
854 3528 940 3583 terre
956 3519 988 3582 in
1006 3520 1141 3584 Brunna
1156 3519 1199 3583 de
1214 3521 1364 3587 dominio
1378 3545 1440 3589 suo

170 3605 279 3703 iffi„
335 3622 415 3705 ipsis
439 3622 588 3686 contulit.
634 3621 902 3687 Confirmacione
926 3642 1060 3706 quoque
1085 3632 1119 3687 et
1143 3623 1317 3708 priuilegio
1344 3627 1438 3711 Lucij

171 3705 304 3805 illibi}
334 3747 421 3810 pape
458 3728 546 3792 idem
584 3728 739 3808 Paganus
776 3727 911 3790 Peuerel
950 3726 1134 3791 Ecclesiam
1165 3730 1208 3792 de
1239 3728 1440 3797 Bemewelle

170 3803 321 3896 hillel?
334 3831 563 3906 communiuit,
579 3831 692 3895 multis
714 3831 917 3894 indumentis
935 3830 1166 3895 ecclesiasticis
1187 3842 1220 3896 et
1235 3840 1440 3901 ornamentis

171 3905 297 4049 ἓξὲξ
334 3935 514 4011 decorauit,
542 3936 697 4019 reliquias
729 3934 918 3999 uerissimas
947 3956 1048 4020 super
1077 3958 1193 4001 aurum
1223 3949 1258 4001 et
1282 3942 1437 4024 topazion

299 4035 306 4056 l

171 4057 286 4150 32:33¹:
335 4042 511 4126 preciosas,
526 4062 610 4125 quas
631 4041 664 4103 in
687 4038 909 4120 expedicione
929 4039 1129 4104 antiochena
1144 4041 1347 4124 adquisierat
1362 4065 1437 4110 cum

170 4160 301 4253 ffiffiffi
337 4148 486 4213 Roberto
513 4146 701 4221 Curthose¹,
729 4144 810 4207 dum
836 4142 981 4226 signiferi
1011 4144 1117 4207 uicem
1144 4156 1281 4228 gereret,
1309 4169 1438 4215 necnon

173 4262 280 4353 {222}
384 4292 394 4325 ¹
412 4292 515 4349 Robert,
528 4290 604 4340 Duke
615 4288 644 4339 os
657 4290 814 4354 Normandy‚
827 4289 906 4341 eldest
921 4304 966 4340 son
982 4290 1011 4340 of
1025 4290 1136 4341 William
1151 4293 1194 4343 the
1209 4292 1363 4360 Conqueror,
1380 4299 1440 4348 took

169 4362 322 4465 (¹1³aessssss
334 4379 377 4429 the
388 4391 455 4427 crosa
466 4373 492 4423 in
507 4372 576 4438 109⁶,
590 4374 640 4422 and
652 4388 703 4423 was
713 4373 802 4423 absent
814 4372 877 4421 from
890 4372 985 4423 Franco
996 4372 1034 4423 lor
1046 4375 1130 4440 nearly
1141 4376 1188 4425 five
1199 4390 1278 4439 years.
