3192 5067
149 371 252 424 aoorr
279 349 351 450 vn]
477 350 619 426 Parislz
645 351 692 449 of
711 349 752 426 S.
783 349 949 426 Clement
1184 354 1253 446 283

146 535 246 602 iuxta
261 537 399 602 viridem
419 537 507 603 viam
524 559 638 604 versus
661 558 799 604 moram.
846 538 893 605 Et
912 559 979 604 vna
1001 560 1079 605 acra
1101 540 1188 606 iacet
1210 541 1255 605 ad

147 637 273 726 Thorp.

215 746 365 812 Thomas
387 746 431 813 de
455 747 623 832 lmpitone
650 757 745 814 tenet
767 767 870 812 vnam
897 747 1081 833 schoppam
1104 769 1170 832 que
1192 747 1256 815 fuit

146 850 314 932 Johannis
337 851 435 917 Audi
460 853 494 917 in
521 853 593 917 foro
616 853 848 936 Cantebrigie¹
870 854 927 918 vbi
953 855 1106 919 vendunt
1130 852 1253 919 lineam

146 955 261 1034 telam,
278 956 380 1039 juxta
403 959 610 1042 mesuagium
635 958 758 1041 Rogeri
780 959 812 1023 le
828 959 970 1034 Turnur,
988 967 1022 1025 et
1045 957 1155 1025 reddit
1177 956 1255 1022 inde

147 1079 208 1142 per
223 1080 348 1126 annum
364 1060 470 1144 .viij.d.

215 1164 368 1248 Rogerus
389 1165 475 1230 lilius
498 1166 638 1231 Abrahe
654 1166 684 1230 le
701 1166 868 1250 Chapeler
889 1176 983 1233 tenet
997 1187 1101 1232 vnum
1125 1187 1255 1232 mesua-

113 1273 123 1288 ‘
146 1267 240 1350 gium
260 1269 293 1332 in
310 1269 467 1352 parochia
483 1270 599 1336 Sancti
621 1271 709 1336 Petri
733 1273 831 1335 iuxta
850 1273 1059 1354 mesuagium
1076 1271 1255 1337 Custancie

146 1371 191 1436 de
208 1373 415 1437 Huntedone
430 1384 464 1438 et
480 1375 590 1440 reddit
606 1375 684 1439 inde
699 1395 759 1459 per
775 1394 901 1440 annum
918 1375 984 1458 ijs.

213 1477 392 1543 Custancia
422 1477 464 1542 de
493 1480 699 1544 Huntedone
729 1489 823 1544 tenet
847 1500 951 1543 vnum
983 1481 1191 1563 mesuagium
1219 1483 1252 1543 in

145 1582 265 1646 eadem
296 1582 453 1665 parochia
479 1604 584 1667 prope
614 1585 788 1649 ecclesiam
820 1585 937 1651 Sancti
965 1585 1054 1649 Petri
1080 1594 1114 1649 et
1144 1584 1254 1649 reddit

145 1685 242 1768 .vij.d.
265 1686 308 1751 ad
333 1687 469 1752 Pascha.

212 1789 244 1853 N
247 1810 427 1855 ormannus
446 1790 476 1854 le
493 1790 604 1856 Cuuer
618 1801 710 1857 tenet
725 1812 829 1857 vnum
849 1793 1067 1876 mesuagium,
1083 1790 1174 1875 quod
1190 1792 1253 1856 fuit

147 1892 283 1975 Longis,
298 1915 343 1959 ex
365 1895 524 1978 opposito
544 1896 684 1960 ecclesie
706 1895 869 1961 Omnium
886 1896 1087 1961 Sanctorum
1107 1894 1150 1958 ad
1172 1893 1253 1959 Cas-

144 2005 243 2072 trum,
255 1998 352 2062 iuxta
367 1999 541 2082 grangiam
555 1999 729 2064 Michaelis
743 1999 849 2082 Pylet,
861 2009 895 2063 et
907 2000 991 2063 duas
1007 2019 1100 2062 acras
1116 2009 1202 2063 terre
1217 2000 1250 2062 in
1265 2015 1282 2065 f.
1299 2016 1370 2069 160b

144 2103 272 2186 campis
292 2101 514 2187 Cantebrigie,
531 2106 618 2168 vnde
634 2126 701 2168 vna
721 2125 797 2168 acra
813 2105 900 2168 iacet
919 2105 1015 2167 iuxta
1029 2104 1118 2167 viam
1135 2102 1251 2168 Sancti

146 2205 247 2270 Neoti
263 2207 359 2270 iuxta
375 2216 497 2271 terram
513 2208 701 2293 Hospitalis
717 2208 834 2274 Sancti
849 2207 1034 2290 Johannis;
1049 2217 1085 2272 et
1096 2229 1161 2272 vna
1176 2229 1252 2272 acra

144 2311 230 2374 iacet
246 2330 358 2375 versus
375 2312 554 2376 Neunham
572 2312 668 2377 iuxta
684 2321 807 2376 terram
822 2312 987 2395 Johannis
998 2311 1041 2376 de
1058 2312 1252 2394 Eylesham,

145 2427 178 2481 et
194 2416 303 2481 reddit
319 2439 378 2502 per
393 2440 518 2483 annum
535 2418 624 2500 .vij.s.

210 2523 362 2606 Rogerus
392 2522 506 2607 Ampe
534 2533 629 2588 tenet
655 2542 757 2587 vnum
789 2523 997 2606 mesuagium
1029 2523 1062 2587 in
1092 2523 1251 2606 parochia

145 2625 260 2690 Sancti
277 2625 389 2709 Egidij
406 2628 503 2690 iuxta
519 2628 727 2710 mesuagium
742 2628 882 2692 Roberti
895 2629 1080 2710 Wymund,
1091 2638 1124 2692 et
1141 2630 1249 2693 reddit

144 2729 235 2810 .xij.s.
267 2739 300 2793 et
331 2730 359 2812 .j.
390 2731 508 2794 libram
539 2731 673 2813 ciminij.
722 2731 816 2796 ldem
846 2733 999 2815 Rogerus
1026 2743 1118 2796 tenet
1148 2754 1249 2797 vnarn

144 2834 294 2916 placeam
310 2855 449 2899 vacuam
472 2837 514 2900 ad
535 2838 644 2919 capud
663 2835 739 2900 ville
755 2859 870 2901 versus
891 2838 922 2900 le
940 2838 1074 2914 Howes,
1090 2847 1123 2902 et
1139 2837 1249 2901 reddit

143 2957 202 3019 per
217 2957 341 3000 annum
361 2938 427 3020 .ij.s.

207 3040 377 3124 Johannes
404 3042 435 3105 le
461 3041 531 3124 Eyr
558 3051 650 3105 tenet
673 3062 775 3104 vnum
800 3044 1009 3125 mesuagium
1033 3044 1065 3105 in
1090 3044 1248 3126 parochia

143 3146 258 3211 Sancti
283 3146 394 3230 Egidij
421 3147 516 3210 iuxta
539 3167 671 3230 aquam,
694 3156 727 3210 et
750 3147 861 3211 reddit
883 3169 943 3231 per
965 3168 1089 3211 annum
1114 3149 1193 3213 ,ix.s.

206 3250 396 3316 Willelmus
419 3250 505 3315 filius
530 3250 668 3314 Roberti
693 3251 818 3316 Seman
835 3273 896 3335 pro
919 3252 1026 3316 ianuis
1048 3253 1116 3315 suis
1138 3253 1247 3318 reddit

142 3376 200 3438 per
222 3375 347 3419 annum
371 3353 452 3435 .vj.d.
477 3355 519 3419 ad
545 3354 681 3419 Pascha

205 3457 355 3523 Thomas
385 3457 489 3523 Nilrat
516 3467 608 3522 tenet
632 3480 733 3523 vnam
757 3459 896 3523 domum
920 3459 1017 3524 iuxta
1041 3469 1190 3544 pontem,
1212 3472 1246 3526 et

142 3561 250 3627 reddit
272 3583 331 3645 per
353 3582 479 3627 annum
503 3562 581 3644 ‚iij.s.
605 3563 688 3645 .vj.d.

846 3650 1003 3734 [Summa
1017 3650 1121 3733 .xliij.⁸
1134 3650 1245 3736 viljan]

400 3905 427 3952 2.
472 3888 639 3952 Parochia
664 3887 781 3952 Sancti
805 3887 985 3954 Clementis

205 4023 393 4089 Willelmus
409 4025 451 4089 de
469 4024 598 4090 Hulmo
613 4033 707 4089 tenet
719 4044 819 4088 vnam
832 4024 971 4089 domum
988 4023 1154 4108 lapideam
1167 4048 1243 4092 cum

141 4129 285 4213 quadam
301 4129 417 4212 placea
440 4138 525 4193 terre
549 4139 636 4192 retro
658 4129 867 4211 mesuagium
890 4149 987 4193 suum
1012 4130 1108 4194 iuxta
1128 4131 1244 4214 ripam,

186 4379 194 4412 ¹
212 4379 305 4430 Added
318 4380 343 4428 in
354 4380 460 4430 another
472 4381 555 4431 handr
576 4381 605 4430 ln
618 4380 737 4445 parochia
749 4383 842 4432 Sancte
854 4379 942 4430 Marie.

184 4461 195 4492 ³
211 4462 274 4513 This
290 4463 340 4514 aud
357 4465 508 4528 subsequent
525 4464 599 4514 totals
614 4481 657 4514 are
673 4465 756 4515 added
771 4465 797 4514 in
812 4481 828 4513 a
843 4463 894 4514 late
908 4464 985 4525 hand,
999 4465 1050 4514 and
1065 4482 1107 4516 are
1120 4465 1243 4518 therefore

139 4547 251 4597 included
263 4547 289 4596 in
301 4561 390 4612 square
401 4545 527 4596 brackets.
