3192 5067
334 312 402 387 186
597 316 689 391 Care
714 312 764 412 os
779 312 889 389 Alan
915 312 959 387 de
985 310 1162 387 Frcslone
1312 306 1433 407 [soott

326 498 393 556 fecit
413 502 450 557 de
470 504 597 575 quodam
617 504 730 561 redditu
748 521 844 559 annuo
862 502 1052 575 quadraginta
1070 500 1233 567 solidorum,
1252 514 1336 569 quem
1358 495 1434 551 idem

326 588 436 644 Alanus
445 590 474 644 in
483 591 561 646 curia
569 602 666 647 nostra
676 609 771 647 coram
778 590 945 661 justiciariis
954 591 1057 645 nostris
1067 590 1144 661 apud
1150 584 1433 643 westmonasterium

327 691 345 730 a
361 676 489 745 predicto
509 679 605 734 Priore
621 680 716 750 exigit,
729 679 823 750 ipsum
842 679 968 734 Priorem
985 679 1014 733 in
1028 678 1121 734 causis
1134 694 1183 731 seu
1199 674 1325 745 negociis
1337 674 1433 728 iuuare

326 772 355 817 et
380 765 528 821 consulere
551 766 701 832 recusauit,
726 784 790 822 curn
816 782 866 836 per
890 764 983 836 ipsum
1010 766 1135 820 Priorem
1160 764 1258 819 suisset
1283 762 1348 816 inde
1372 776 1432 831 pre-

326 851 461 920 munitus,
479 854 551 908 sicut
569 854 713 923 predictus
732 853 814 909 Prior
834 853 912 923 dicit,
931 853 977 908 uel
996 870 1061 919 non,
1081 852 1153 907 sicut
1172 850 1308 921 magister
1325 848 1433 903 Alanus

326 938 403 994 dicit.
440 940 517 1009 Quia
539 952 599 996 tam
618 941 763 1012 predictus
783 940 919 1011 magister
937 940 1047 996 Alanus
1069 956 1156 1011 quam
1180 938 1324 1009 predictus
1346 933 1432 1001 Prior,

326 1025 399 1083 inter
416 1044 488 1098 quos
508 1029 576 1085 inde
597 1030 747 1085 contencio
767 1039 820 1097 est,
841 1038 997 1100 posuerunt
1020 1046 1050 1084 se
1075 1028 1104 1082 in
1126 1028 1250 1098 juratam
1272 1025 1356 1079 illam
1395 1024 1432 1077 Et

326 1113 433 1169 babeas
450 1114 489 1170 ibi
506 1115 623 1171 nomina
637 1114 796 1185 juratorum
808 1126 837 1171 et
850 1116 906 1172 hoc
918 1117 1012 1173 breue.
1050 1118 1136 1170 Teste
1154 1117 1178 1186 J.
1192 1114 1228 1170 de
1242 1110 1434 1182 Metiugham¹

327 1204 403 1275 apud
413 1204 699 1260 westmonasterium
711 1204 792 1275 ‚vij⁰.
806 1206 854 1260 die
867 1204 1036 1281 Decembris
1049 1221 1125 1259 anno
1137 1202 1216 1274 regni
1229 1200 1317 1258 nostri
1331 1198 1434 1268 ‚xxij⁰.²

456 1390 524 1440 121.
567 1376 765 1441 lurotulatio
787 1378 823 1441 in
845 1376 942 1442 banco
963 1376 1003 1441 de
1017 1376 1137 1461 placito
1160 1374 1315 1459 magistri

707 1478 817 1543 Alani
837 1479 876 1543 dc
896 1478 1056 1543 Frestone.

165 1632 269 1673 auree
382 1611 461 1667 Prior
478 1611 514 1666 de
533 1612 705 1669 Bemeuelle
723 1612 911 1667 summonitus
929 1612 981 1668 fuir
1000 1612 1038 1667 ad
1056 1610 1283 1681 respondendum
1300 1606 1436 1679 magistro

164 1682 315 1785 ssmh
327 1700 419 1755 Alano
432 1699 468 1754 de
481 1700 618 1755 Frestone
629 1702 666 1756 de
682 1701 787 1773 placito
804 1702 879 1773 quod
897 1700 998 1757 reddat
1010 1702 1036 1756 ei
1048 1700 1147 1771 viginti
1160 1710 1189 1756 et
1202 1709 1311 1769 septem
1324 1712 1435 1753 marcas

164 1781 294 1875 {lfflffi
326 1808 382 1862 que
393 1790 419 1845 ei
437 1800 531 1846 aretro
549 1800 615 1845 sunt
631 1791 666 1847 de
682 1808 778 1847 annuo
797 1790 908 1846 redditu
926 1790 1115 1861 quadraginta
1132 1790 1287 1845 solidorum
1305 1802 1390 1857 quent
1407 1786 1436 1840 ei

163 1882 290 1975 affin·
327 1879 412 1935 debet
424 1889 487 1947 etc,
500 1880 574 1935 vnde
592 1880 753 1952 dicitquod
771 1897 836 1935 cum
853 1880 969 1951 quidam
986 1881 1104 1952 Jolanus
1121 1880 1267 1951 quondam
1283 1876 1363 1932 Prior
1380 1884 1434 1929 etc.

165 1982 261 2025 further
327 1966 508 2037 predecessor
526 1967 644 2038 predicti
664 1968 767 2022 Pn'oris
786 1978 814 2022 et
833 1967 959 2023 eiusdem
976 1968 1032 2023 loci
1051 1978 1207 2023 conuentus
1228 1964 1436 2021 concessissent

165 2033 285 2135 {12³1}le
327 2055 420 2111 eidem
450 2056 588 2126 magistro
611 2058 704 2113 Alano
728 2058 886 2128 predictum
917 2074 1043 2113 annuum
1074 2056 1216 2113 redditum
1248 2052 1437 2127 quadraginta

165 2139 290 2235 :gilffm
328 2144 481 2200 solidorum
501 2146 540 2201 ad
564 2147 636 2201 duos
657 2147 792 2202 terminos
813 2146 879 2201 anni
903 2146 1115 2217 percipiendum
1137 2146 1173 2201 de
1195 2160 1308 2200 camera
1329 2143 1436 2199 scilicet

327 2232 427 2303 viginti
449 2232 556 2289 solidos
574 2234 648 2289 intra
665 2235 783 2289 octabas
804 2234 914 2289 Pasche
932 2245 961 2289 et
979 2233 1078 2304 viginti
1097 2233 1203 2289 solidos
1225 2232 1297 2287 inira
1318 2232 1436 2287 octabas

328 2322 426 2376 Sancti
451 2321 601 2377 Michaelis
625 2322 761 2393 quamdiu
782 2322 843 2393 ipse
864 2322 972 2376 Alanus
994 2323 1094 2377 vixerit
1116 2338 1262 2393 quousque
1287 2337 1337 2391 per
1357 2322 1436 2391 ipsos

328 2411 453 2466 Priorem
470 2420 499 2466 et
517 2413 695 2467 Conuentum
712 2412 825 2467 vberius
844 2410 942 2467 luisset
960 2411 1104 2483 prouisum
1123 2421 1185 2479 etc.,
1198 2412 1340 2482 predictus
1357 2409 1436 2464 Prior

328 2499 469 2570 predictas
480 2498 579 2571 viginti
591 2510 620 2556 et
633 2510 741 2571 septem
750 2517 862 2555 marcas
875 2502 911 2556 de
923 2500 1071 2570 arreragiis
1081 2500 1198 2572 predicti
1210 2502 1296 2556 annui
1309 2500 1435 2555 redditus

167 2599 196 2641 tn
206 2601 309 2650 support
328 2587 354 2642 ei
384 2586 487 2643 iniuste
516 2588 636 2643 detinuit
666 2598 694 2643 et
724 2588 842 2643 reddere
873 2588 1059 2654 contradicit3
1096 2598 1124 2645 et
1154 2590 1228 2644 vnde
1259 2588 1327 2644 dicit
1359 2588 1434 2659 quod

163 2647 306 2741 {Jsstl'offi'
328 2677 514 2733 deterioratus
531 2687 575 2733 est
592 2688 621 2733 et
640 2677 796 2748 dampnum
812 2678 898 2733 habet
914 2678 952 2732 ad
965 2679 1122 2733 valentiam
1142 2688 1256 2733 centum
1274 2678 1435 2733 solidorum.

164 2751 286 2850 mg?
295 2760 310 2789 ⁸
330 2764 368 2821 Et
381 2764 448 2821 inde
459 2765 588 2835 producit
601 2776 782 2832 scotaneto,
795 2776 823 2819 et
833 2765 936 2836 profert
949 2766 1094 2837 quoddam
1107 2767 1242 2837 scriptum
1255 2768 1309 2822 sub
1322 2766 1437 2822 nornine

165 2850 283 2952 ἓξὲξ
329 2854 446 2925 predicti
471 2854 565 2924 Jolani
588 2856 733 2925 quondam
757 2854 861 2909 Prioris
881 2866 909 2910 et
930 2866 1087 2911 conuentus
1107 2866 1158 2912 etc.
1181 2857 1259 2928 quod
1280 2856 1436 2927 predictum

162 2950 245 3003 Joten.
328 2960 454 2998 annuum
466 2943 607 2998 redditum
623 2954 742 2999 testatur
757 2955 809 2998 etc.
827 2955 855 2999 et
874 2944 1016 3015 predictus
1033 2946 1141 3000 Alanus
1155 2946 1183 3000 in
1197 2946 1329 3001 omuibus
1342 2946 1436 3001 causis

329 3049 379 3087 seu
403 3032 529 3103 negociis
553 3032 677 3103 ipsorum
705 3033 806 3087 Primis
829 3044 856 3087 et
877 3044 1033 3088 conuentus
1054 3033 1173 3104 agendis
1198 3044 1226 3090 et
1251 3034 1436 3089 defendendis

329 3120 532 3191 patrocinium³
561 3121 716 3176 secundum
747 3137 831 3191 posse
869 3137 951 3175 suum
981 3122 1095 3192 propria
1128 3139 1180 3177 sua
1215 3123 1375 3193 equitatura
1409 3132 1437 3177 et

330 3206 511 3279 su[m]ptibus
529 3208 654 3280 ipsorum
673 3209 778 3264 Prion‘s
795 3222 824 3265 et
843 3219 999 3265 conuentus
1018 3210 1138 3266 fideliter
1155 3220 1281 3282 patraret
1299 3222 1351 3268 etc.
1366 3222 1393 3268 et
1412 3213 1436 3267 si

329 3298 504 3369 contingeret
528 3298 621 3369 ipsum
645 3299 741 3370 aliquo
764 3298 903 3368 legittimo
931 3300 1017 3354 modo
1042 3300 1173 3371 impediri
1203 3302 1354 3371 quominus
1383 3303 1437 3357 hoc

330 3387 514 3457 personaliter
531 3388 624 3443 facem
642 3397 738 3458 posset
756 3404 858 3443 causas
876 3389 1002 3460 ipsorum
1023 3388 1127 3444 Prioris
1146 3400 1174 3445 et
1199 3401 1356 3447 conuentus
1378 3392 1437 3447 siue

256 3476 273 3525 f.
286 3492 318 3541 70
330 3476 449 3547 negocia
464 3476 591 3543 instruet,
608 3487 636 3531 et
652 3478 738 3532 alium
757 3478 899 3547 ydoneum
916 3479 979 3533 loco
996 3479 1038 3533 sui
1057 3479 1119 3547 (sic)
1136 3480 1296 3549 sumptibus
1313 3482 1437 3551 ipsorum

332 3566 436 3621 Pn'oris
447 3576 476 3623 et
487 3576 646 3622 conuentus
658 3567 812 3623 destinabit
825 3579 876 3624 etc.

523 3765 591 3812 122.
635 3746 812 3832 Responsrir
834 3748 967 3813 Prion's
988 3749 1027 3812 de
1048 3748 1249 3815 Bemewelle.

87 3886 92 3895 '
167 3895 220 3939 ‘rte
231 3897 300 3939 Prtor
384 3886 423 3943 Et
442 3886 522 3941 Prior
539 3903 589 3957 per
607 3894 779 3941 attornatum
799 3902 881 3941 suum
896 3886 974 3941 venit
991 3896 1020 3940 et
1039 3886 1111 3941 bene
1130 3885 1263 3957 cognouit
1281 3888 1438 3957 predictum

167 3947 318 4040 wlff*
331 3974 466 4047 scriptum
478 3991 541 4031 esse
553 3972 658 4030 sactum
676 3974 794 4045 predicti
808 3974 1013 4045 predecessoris
1026 3974 1068 4028 sui
1082 3984 1109 4029 et
1123 3984 1278 4029 conuentus
1290 3984 1343 4031 etc
1381 3975 1438 4031 Sed

379 4096 558 4164 ¹Ajudgeos
569 4098 612 4150 the
624 4096 714 4163 King’s
726 4098 820 4149 Bench.

379 4180 461 4232 ²'l’he
483 4180 572 4231 author
593 4180 640 4231 has
662 4180 771 4230 inserted
797 4181 823 4229 in
844 4195 912 4229 error
935 4178 978 4229 the
999 4179 1087 4229 venire
1099 4178 1186 4243 facias
1208 4180 1290 4231 issued
1312 4180 1375 4231 siler
1396 4180 1439 4230 the

330 4265 422 4332 parties
432 4264 483 4314 had
495 4262 603 4330 pieaded
614 4262 712 4312 instead
723 4261 753 4312 oi
760 4262 803 4313 the
815 4260 920 4326 original
932 4261 995 4310 urit.

378 4346 571 4413 'patricinium
586 4346 644 4396 MS.
