3192 5067
148 358 212 458 111]
351 360 464 459 King
487 360 625 458 Henry
638 360 811 459 fortifies
839 358 1059 457 Cambridge
1189 380 1255 452 123

148 553 316 627 temptum
349 544 461 627 Regis.
518 544 587 610 Sed
619 544 761 608 ministri
793 545 898 627 Regis
928 555 1072 627 quatuor
1102 564 1145 607 ex
1177 541 1257 625 ipsis
1272 571 1423 615 samana.

148 647 484 730 comprehenderunt,
507 648 675 731 ceterique
697 647 853 730 sugerunt
876 647 919 712 ad
944 668 1046 712 naues
1074 667 1158 711 suas.
1205 647 1258 710 De
1271 622 1423 714 mittha

148 752 270 835 quibus
285 761 430 836 quatuor
445 753 704 835 comprehensis,
720 762 787 816 tres
803 762 881 817 sunt
900 752 1064 817 decollati.
1111 750 1258 834 Quartus
1274 722 1332 765 ω’·

148 878 229 921 uero
251 865 322 921 erat
343 856 513 921 Waltenrs
534 857 578 922 de
601 856 813 922 Cothenham
838 857 932 921 miles
953 856 1060 922 factus
1079 857 1112 921 in
1136 856 1258 933 Insula,

148 969 184 1024 et
209 961 264 1024 hic
289 971 362 1025 erat
387 960 509 1044 laqueo
534 981 724 1043 suspensus.
769 961 803 1024 A
830 961 885 1025 die
911 982 991 1044 ergo
1018 961 1075 1026 illo
1098 962 1187 1025 sacta
1209 970 1260 1025 est

148 1065 309 1129 securitas
324 1065 555 1129 habitantibus
570 1064 604 1128 in
620 1063 729 1147 patria
744 1063 905 1147 quamdiu
924 1064 1002 1128 Rex
1017 1085 1153 1147 presens
1168 1073 1248 1129 erat.

209 1170 290 1234 Post
301 1190 427 1252 paucos
440 1189 519 1234 uero
534 1168 606 1233 dies
622 1179 785 1233 uenerunt
801 1188 949 1231 rumores
965 1167 1009 1233 ad
1023 1168 1152 1251 Regem
1168 1168 1258 1250 quod
1274 1186 1340 1287 pipp
1348 1184 1423 1277 pp&

149 1294 263 1338 comes
279 1273 487 1357 Glou[ernie]
505 1272 690 1339 Gilbertus¹
704 1282 901 1356 occupasset
915 1272 1087 1337 ciuitatem
1105 1272 1259 1350 London,
1272 1287 1320 1379 ir⁸0⁶
1330 1296 1401 1327 new·

150 1388 185 1442 et
207 1378 298 1462 quod
321 1378 452 1461 legatus
475 1378 595 1441 missus
618 1378 652 1440 in
674 1376 836 1459 Angliam
859 1396 878 1440 a
899 1377 1003 1441 latere
1022 1377 1150 1441 domini
1171 1398 1258 1460 pape
1272 1350 1389 1479 ξέἷξὲξὶ

150 1482 307 1547 obsessus
328 1493 399 1547 erat
420 1484 454 1546 in
477 1483 556 1545 turri
579 1480 732 1546 London,
777 1481 825 1544 Et
846 1480 980 1544 recessit
1001 1482 1078 1545 Rex
1094 1501 1169 1545 cum
1186 1491 1259 1546 toto
1272 1487 1374 1589 2222?

150 1588 302 1651 exercitu
332 1608 394 1651 suo
424 1587 586 1651 festinans
617 1588 660 1651 ad
687 1596 799 1670 partes
826 1587 900 1650 illas
927 1596 960 1651 et
987 1587 1119 1670 reliquit
1145 1587 1258 1653 villam
1272 1587 1422 1689 ¹3:3¹3&ss

152 1690 367 1774 Cantebrigie
390 1693 463 1755 sine
484 1690 633 1755 custode.
678 1690 778 1773 Quod
803 1691 946 1755 scientes
971 1691 1137 1756 Insulares
1160 1713 1259 1757 uene·
1273 1688 1405 1791 fflssgg

151 1806 229 1860 runt
255 1816 331 1860 cum
360 1795 575 1859 multitudine
601 1805 807 1859 armatorum
835 1796 877 1859 ad
901 1796 1014 1860 villam
1038 1796 1417 1907 Εειιιῒ’»“1)ῐίςίε,ξιὲζιοιῐιιῶο

151 1910 185 1964 et
205 1910 320 1983 portas
342 1920 426 1983 quas
450 1900 526 1963 Rex
549 1909 784 1964 construxerat
807 1900 884 1983 igne
903 1911 1209 1977 concremauerunt,
1226 1910 1261 1966 et
1273 1915 1379 2008 {2¹:²32
1375 1915 1424 1967 Eu

151 2007 272 2070 domos
292 2006 326 2068 in
345 2004 466 2088 quibus
483 2004 560 2068 Rex
581 2004 815 2087 hospitabatur
829 2006 982 2069 similiter
996 2007 1261 2084 combusserunt,
1273 2016 1358 2118 gapt-e

152 2118 187 2173 et
208 2108 314 2174 multa
335 2108 424 2172 mala
444 2118 479 2171 et
496 2108 758 2191 depredaciones
773 2107 931 2172 fecerunt.
977 2108 1164 2191 Burgenses
1180 2130 1259 2173 uero
1272 2116 1411 2218 gffgffi

153 2213 368 2295 Cantebrigie
399 2212 542 2276 scientes
572 2232 687 2275 eorum
718 2210 904 2275 aduentum
934 2233 1051 2276 omnes
1082 2212 1238 2295 sugerunt
1250 2236 1257 2293 ;
1271 2218 1417 2311 ffliffig‘·

153 2337 214 2380 nec
232 2316 391 2381 remansit
410 2336 496 2379 unus
516 2317 622 2379 eciam
643 2336 688 2379 ex
709 2316 773 2379 illis
793 2316 851 2399 qui
867 2316 1033 2381 resisteret
1050 2318 1257 2383 insularibus.
1271 2318 1425 2421 ffiffiged,

154 2422 375 2486 Reuertentes
401 2430 513 2484 autem
543 2418 665 2484 milites
690 2440 750 2502 per
777 2420 964 2485 Prioratum
991 2422 1034 2485 de
1057 2422 1259 2495 Bernewelle
1273 2419 1418 2512 fflssffged

152 2526 298 2590 inierunt
320 2525 408 2589 inter
430 2546 466 2587 se
488 2524 663 2588 consilium
686 2524 729 2587 ad
754 2525 984 2590 molendinum
1006 2528 1205 2593 uentricium
1224 2538 1260 2592 vt
1273 2520 1371 2621 ²13„ssss
1381 2520 1424 2561 ‘¹¹⁰

152 2641 263 2695 toturn
281 2630 467 2694 Prioratum
484 2638 742 2705 concremarent,
759 2640 792 2693 et
809 2630 920 2694 aulam
937 2632 1093 2716 precipue
1110 2632 1165 2697 ubi
1183 2633 1260 2697 Rex

154 2733 357 2799 Alemannie
372 2732 614 2815 hospitabatur.
661 2732 738 2796 Hoc
753 2753 834 2795 uero
849 2734 1024 2797 consilium
1040 2734 1174 2801 durauit
1193 2736 1260 2801 sere

153 2859 213 2922 per
234 2840 319 2903 duas
341 2839 448 2902 horas.
495 2836 562 2901 Sed
586 2837 743 2900 dominus
768 2837 874 2920 Hugo
897 2839 1025 2902 Pecche
1047 2849 1081 2903 et
1103 2841 1335 2916 dominust46

155 2942 324 3007 Robertus
346 2942 474 3006 Pecche
494 2940 596 3006 irater
615 2942 686 3005 eius
701 2952 932 3025 opposuerunt
946 2964 990 3021 se,
1005 2946 1154 3009 dicentes
1169 2948 1259 3028 quod

154 3047 256 3112 cicius
286 3056 495 3111 morerentur
522 3065 625 3128 quam
656 3048 888 3130 permitterent
916 3068 995 3112 ossa
1020 3050 1124 3132 patris
1150 3051 1200 3114 sui
1227 3060 1261 3115 et

154 3161 332 3236 parentum
353 3170 489 3214 suorum
510 3150 723 3227 concremari,
739 3159 772 3213 et
793 3149 840 3213 sic
861 3150 991 3215 saluata
1010 3162 1062 3216 est
1082 3152 1203 3217 domus
1218 3155 1261 3219 ab

156 3254 311 3318 incendio
337 3262 455 3317 contra
481 3253 691 3317 uoluntatem
723 3253 912 3317 multorum.
958 3256 1151 3320 Transitum
1182 3278 1261 3323 uero
1274 3287 1327 3329 rh,
1354 3292 1424 3329 enter

156 3357 315 3423 iacientes
330 3378 390 3441 per
404 3367 519 3440 portas
534 3358 699 3439 prioratus
711 3358 849 3441 quidam
863 3360 1010 3423 maliuoli
1023 3361 1131 3425 minas
1142 3383 1261 3445 graues
1273 3337 1323 3430 ihi
1370 3348 1423 3389 Μ’

155 3462 368 3526 intentabant
396 3462 429 3523 in
457 3481 634 3544 personam
666 3462 787 3525 Prioris
814 3462 934 3544 Jolani,
959 3475 1144 3530 asserentes
1170 3470 1260 3551 quod
1273 3437 1402 3539 Ri‘ih‘ia

155 3564 312 3627 dominus
332 3563 502 3627 Walterus
522 3564 565 3627 de
585 3562 796 3629 Cothenham
819 3565 914 3629 miles
933 3569 999 3649 qui,
1015 3578 1051 3633 ut
1075 3570 1260 3652 predictum
1274 3538 1412 3641 ἷξιῖιῖξῗιῗῗ·

157 3676 217 3746 est,
235 3667 354 3751 laqueo
374 3688 555 3750 suspensus
576 3677 656 3743 erat,
672 3689 731 3751 per
751 3670 994 3751 querimoniam
1016 3672 1120 3756 ipsius
1141 3676 1261 3741 Prioris

156 3782 227 3837 erat
255 3772 353 3836 morti
380 3772 600 3837 adiudicatus.
654 3770 756 3854 Quod
782 3774 922 3838 audiens
951 3776 1044 3840 Prior
1071 3781 1262 3862 perterritus

158 3876 257 3940 ualde
282 3874 397 3957 sugam
426 3875 508 3957 inijt,
531 3884 565 3939 et
592 3876 625 3938 in
653 3874 795 3940 abbacia
820 3878 864 3940 de
887 3878 1059 3944 Waltham
1083 3881 1263 3949 honorifice

157 3991 331 4061 susceptus
358 3988 417 4043 est.
463 3979 624 4044 Canonici
652 4001 732 4043 uero
757 3980 850 4043 dorni
876 3984 1060 4048 existentes
1086 3987 1119 4049 in
1144 3988 1262 4053 timore

158 4104 282 4167 magno
302 4085 471 4148 ducebant
491 4084 562 4149 dies
582 4104 661 4148 suos
682 4085 847 4149 desiderio
863 4107 987 4170 magno
1002 4099 1154 4175 tempora
1169 4096 1261 4176 pacis

157 4198 384 4272 expectantes.

298 4408 307 4440 ¹
326 4410 425 4460 Gilbert
436 4411 468 4459 de
479 4410 562 4468 Clare.
573 4412 660 4476 eighth
674 4412 732 4461 Euri
744 4414 773 4463 oi
782 4413 937 4473 Gloucestm,
953 4431 1121 4483 1243-1295.
