3192 5067
129 312 185 413 vr]
409 313 607 388 Hundred
627 314 675 412 of
692 313 826 388 North
852 312 953 386 Stow
1166 329 1231 398 241

130 500 342 585 Neweh[am]
377 510 411 565 et
445 501 487 566 de
518 499 742 580 Cantebrigia.
790 497 920 561 ibidem
952 494 1121 559 Galiridus
1151 489 1238 555 filius

130 604 270 670 Galsridi
315 605 418 669 debet
463 605 491 686 .j.
536 614 662 668 sectam
701 613 734 666 et
779 603 823 665 de
868 601 996 665 auxilio
1033 597 1239 662 vicecomitis

129 709 226 792 .iiij.d.
250 709 303 773 ob.

193 812 385 878 Lollewrtlze
421 810 629 896 [Lolworth].
676 809 849 892 Philippus
886 810 930 872 de
968 808 1114 873 Stanton
1144 817 1238 872 tenet

130 916 264 982 feodum
281 918 310 999 .j.
322 916 436 981 militis
451 917 494 981 de
511 915 609 980 ieodo
625 915 773 998 episcopi
787 913 953 995 Elyensis.
1000 912 1129 977 ibidem
1145 922 1238 977 tenet

130 1021 265 1086 feodum
292 1022 321 1105 .j.
347 1023 461 1086 militis
485 1023 528 1085 de
552 1021 680 1085 honore
706 1018 842 1083 Peuerel
866 1020 909 1083 de
936 1019 1093 1083 Hamone
1121 1018 1238 1095 Peche,

129 1135 163 1191 et
193 1136 271 1190 sunt
301 1125 425 1192 ibidem
450 1127 491 1208 ij.
519 1126 596 1190 hide
626 1124 820 1209 geldabiles‚
847 1135 881 1188 et
904 1123 1006 1188 debet
1030 1125 1239 1208 pontagium,

129 1241 163 1295 et
186 1231 229 1294 de
253 1232 365 1295 warda
390 1229 499 1296 Castri
529 1230 614 1295 infra
641 1249 765 1294 annum
797 1239 832 1293 et
861 1228 1037 1292 dimidium
1062 1227 1236 1292 dimidiam

130 1355 287 1398 marcam.

195 1439 587 1523 Impiton[1mpington].
626 1438 800 1522 Philippus
812 1440 856 1502 de
867 1436 983 1502 Insula
993 1446 1086 1501 tenet
1101 1436 1236 1502 leodum

129 1543 157 1625 .j.
190 1544 303 1608 militis
340 1545 383 1608 de
413 1545 570 1629 episcopo
601 1545 747 1626 Elyensi.
796 1544 925 1608 ibidem
965 1543 1162 1608 Alexander
1194 1544 1238 1606 de

132 1650 279 1732 lmpiton
310 1659 402 1714 tenet
431 1650 565 1716 feodum
591 1650 619 1732 .j.
643 1650 757 1714 militis
780 1650 823 1714 de
846 1650 1004 1732 episcopo
1035 1647 1173 1729 Elyensi
1203 1656 1238 1712 et

130 1752 231 1817 debet
253 1753 282 1835 .j.
306 1764 442 1829 sectam,
464 1763 497 1816 et
520 1753 563 1817 de
585 1753 713 1817 auxilio
735 1752 941 1817 vicecomitis
963 1751 1041 1832 .iij.s.

195 1857 381 1922 Landbeclre
421 1855 664 1942 [Landbeach].
712 1857 880 1920 Robertus
917 1855 961 1918 de
998 1853 1108 1918 Beche
1144 1862 1238 1918 tenet

130 1960 265 2026 feodum
281 1961 310 2043 .j.
327 1961 442 2026 militis
463 1962 506 2025 de
521 1961 658 2025 baronia
677 1959 844 2024 Hamonis
860 1958 1008 2043 [Peche]‚
1028 1967 1063 2022 et
1078 1957 1179 2021 debet
1194 1958 1237 2021 de

130 2063 258 2129 auxilio
273 2065 478 2130 vicecomitis
494 2065 584 2147 .iiij.s.
600 2075 634 2129 et
652 2073 745 2128 tenet
760 2085 797 2128 .ν.
814 2063 938 2145 hydast
958 2081 1030 2125 erre
1045 2061 1237 2144 geldabiles.

133 2167 261 2232 Ibidem
288 2168 392 2250 Hugo
413 2168 455 2232 de
480 2169 588 2252 Bracy
611 2178 703 2233 tenet
725 2166 859 2231 ieodum
883 2166 912 2248 .j.
936 2166 1050 2230 militis
1073 2166 1116 2230 de
1138 2164 1237 2230 feodo

130 2273 277 2357 episcopi
303 2274 468 2358 Elyensis,
491 2284 525 2338 et
550 2274 660 2339 reddit
684 2272 768 2336 inira
792 2291 917 2336 annum
941 2280 975 2335 et
995 2270 1170 2335 dimidium
1194 2270 1237 2334 de

130 2379 241 2441 warda
263 2376 371 2443 Castri
392 2377 566 2443 dimidiam
591 2397 747 2453 marcam,
765 2376 893 2440 scilicet
912 2375 955 2439 de
978 2374 1078 2439 feodo
1097 2374 1236 2439 Roberti

130 2479 173 2544 de
189 2479 307 2558 Beche‚
322 2491 355 2544 et
372 2481 472 2545 debet
488 2481 693 2564 pontagium.

195 2584 374 2665 Ramptone
384 2584 595 2668 [Rampton].
634 2584 802 2648 Robertus
811 2584 853 2648 de
866 2585 979 2648 insula
995 2594 1087 2648 tenet
1103 2584 1236 2649 feodum

129 2688 157 2770 .j.
172 2687 285 2752 militis
298 2689 340 2752 de
352 2689 452 2753 feodo
463 2690 610 2773 episcopi
625 2688 789 2771 Elyensi5‚
799 2699 833 2752 et
845 2690 945 2753 debet
956 2689 985 2771 .j.
997 2700 1122 2753 sectam
1135 2710 1237 2772 quam

132 2787 299 2852 Walterus
317 2789 458 2852 Freman
475 2787 553 2853 facit
568 2809 628 2871 pro
644 2809 692 2852 eo.

195 2890 360 2957 Hokitone
404 2892 638 2977 [Oakington].
697 2894 870 2976 Johannes
914 2893 957 2958 de
987 2893 1167 2959 Grantsete
1203 2905 1237 2959 et

131 2997 308 3080 participes
339 2997 388 3059 sui
412 3005 529 3061 tenent
555 2997 596 3078 .ij.
624 3007 735 3080 partes
759 2996 848 3062 feodi
873 2997 902 3079 .j.
933 2998 1048 3061 militis
1071 3000 1114 3063 de
1138 2999 1237 3063 feodo

132 3101 266 3165 Peuerel
284 3101 316 3164 in
335 3101 468 3164 Bronne
487 3100 530 3164 de
552 3101 702 3165 Roberto
723 3101 765 3164 de
783 3101 862 3177 Ros,
877 3109 911 3165 et
927 3100 1051 3165 ibidem
1066 3102 1237 3185 johannes

131 3205 230 3268 debet
253 3203 281 3286 .j.
305 3215 441 3281 sectam,
462 3213 496 3266 et
519 3203 563 3266 de
585 3203 712 3268 auxilio
734 3204 940 3268 vicecomitis
962 3206 1104 3284 .xviii.d.‚
1133 3216 1169 3271 et
1193 3208 1237 3272 de

131 3309 242 3372 warda
266 3308 374 3373 Castri
398 3307 483 3372 infra
504 3327 630 3372 annum
654 3316 688 3372 et
710 3307 888 3372 dimidium
911 3308 1000 3391 ,iiijm
1024 3308 1087 3393 ijd.
1111 3311 1172 3388 ob.,
1202 3320 1236 3376 et

129 3423 222 3479 tenet
237 3413 265 3495 .j.
283 3412 410 3497 hydam
426 3421 460 3476 et
475 3411 649 3476 dimidiam
661 3410 855 3495 geldabiles‚
865 3422 900 3476 et
914 3412 1016 3477 debet
1031 3414 1236 3497 pontagium.

134 3517 262 3581 Ibidem
281 3516 448 3580 Robertus
469 3514 512 3580 de
531 3514 644 3580 Insula
665 3525 760 3582 tenet
778 3517 954 3580 dimidiam
976 3517 1102 3600 hydam
1122 3519 1236 3602 gelda-

131 3620 232 3685 bilem
270 3629 305 3684 et
342 3623 375 3684 in
407 3619 564 3684 Westwic
601 3619 641 3685 .ii.
672 3620 780 3702 hydas
810 3619 994 3703 geldabiles
1022 3630 1058 3684 et
1087 3621 1237 3688 defendit

131 3725 173 3790 .ii.
211 3735 323 3808 partes
352 3724 380 3805 .j.
412 3724 526 3788 militis
563 3725 607 3789 de
637 3725 761 3788 honore
800 3725 1030 3790 Richmondie.
1105 3727 1234 3792 lbidem

133 3829 300 3894 Walterus
312 3828 447 3893 Cliuard
463 3838 556 3893 tenet
566 3829 608 3912 ij.
624 3828 732 3912 hydas
743 3838 777 3893 et
788 3828 963 3894 dimidiam
976 3850 1042 3894 non
1055 3830 1238 3913 geldabiles

132 3954 193 4018 pro
208 3943 326 4017 quarta
342 3944 436 4016 parte
457 3935 585 3998 seruicii
607 3933 636 4015 .j.
656 3933 770 3998 militis
785 3933 829 3998 de
844 3933 978 4000 Comite
996 3935 1239 4003 Huntindonie.

134 4038 264 4102 Ibidem
283 4037 387 4120 Hugo
401 4038 444 4102 de
457 4037 624 4122 Burdeley
636 4047 669 4101 et
684 4037 795 4120 Roget
807 4036 935 4102 Giffard
952 4049 1067 4104 tenent
1083 4053 1236 4125 quartam

133 4151 262 4226 partem
286 4140 374 4206 feodi
398 4141 426 4224 .j.
450 4141 565 4207 militis
585 4142 628 4207 de
650 4142 786 4208 Comite
809 4143 1051 4212 Huntindonie
1108 4147 1236 4213 ibidem

135 4247 253 4312 Abbas
270 4248 437 4312 Crouland
454 4248 555 4313 debet
576 4250 603 4314 .i.
626 4259 762 4325 sectam,
778 4261 811 4315 et
827 4259 919 4313 tenet
935 4251 1108 4316 dimidiam
1124 4253 1237 4318 villam

132 4373 192 4436 per
206 4360 314 4417 totum
332 4353 364 4415 in
382 4351 519 4417 liberam
535 4353 762 4419 elemosinam.

214 4497 242 4541 c.
1051 4474 1056 4484 ¹
1122 4491 1157 4548 16
