3192 5067
349 366 418 436 114
545 345 757 446 Judgment
782 345 824 419 in
849 345 911 419 the
935 370 1014 419 case
1039 345 1087 442 os
1104 344 1254 419 Burton
1329 342 1449 443 [soon

373 704 423 770 24
460 690 633 775 Judr'cium
657 691 693 755 ἐκ
714 691 812 755 banco
834 689 873 754 dr
894 690 1040 753 Ecclesia
1061 689 1101 753 de
1121 688 1259 753 Birtone
1278 687 1422 752 lincoln.

178 878 298 971 {3233
396 877 496 931 Assisa
512 876 589 932 uenit
605 875 784 947 recognitura
795 875 858 947 quis
875 878 1030 931 aduocatos
1047 886 1174 949 tempore
1185 876 1265 947 pacis
1277 872 1449 945 presentanit

178 979 221 1021 rue
231 963 470 1031 meretritimam
489 982 709 1038 personamque
727 975 838 1020 mortua
856 964 952 1020 estad
970 964 1120 1019 ecclesiam
1137 964 1173 1019 de
1191 964 1307 1020 Birtone
1324 963 1352 1017 in
1366 963 1448 1016 Kest-

178 1034 307 1122 ffissm'
343 1066 431 1107 euene
443 1069 499 1123 que
515 1062 598 1107 vacat
616 1062 645 1108 et
663 1052 743 1107 cuius
761 1052 985 1107 aduocacionem
1004 1052 1083 1107 Prior
1101 1053 1137 1106 de
1156 1051 1327 1107 Bernewelle
1346 1050 1449 1105 darnar

178 1130 234 1222 {152⁰
272 1134 317 1223 πω
342 1155 442 1194 uersus
466 1141 623 1196 Robertum
650 1142 687 1197 de
717 1141 938 1196 Brekeneberwe
962 1148 990 1195 et
1014 1139 1181 1209 magistrum
1207 1138 1388 1209 Radulphum
1413 1137 1449 1191 de

177 1229 286 1323 §mu
343 1227 495 1297 Wykham‚
531 1238 560 1284 et
589 1229 664 1284 vnde
697 1228 766 1283 dicit
799 1228 877 1299 quod
907 1227 1027 1299 ipsemet
1058 1240 1184 1299 tempore
1214 1228 1293 1299 pacis
1323 1236 1448 1298 tempore

180 1310 261 1382 καθ’
344 1313 462 1370 Henrici
494 1313 569 1384 regis
598 1316 687 1386 patris
717 1315 791 1385 regis
823 1332 898 1369 nunc
928 1314 1028 1369 vltimo
1058 1314 1231 1386 presentauit
1260 1314 1298 1371 ad
1328 1314 1448 1369 eandem

342 1402 493 1458 ecclesiam
505 1404 650 1475 quendam
663 1405 807 1473 Rogerum
824 1403 861 1457 de
880 1402 1089 1471 Rauelingham
1107 1402 1239 1459 clericum
1256 1418 1339 1458 suum
1351 1401 1399 1473 qui
1412 1400 1449 1455 ad

342 1490 585 1560 presentacionem
607 1508 689 1546 suam
709 1491 761 1545 fuit
783 1490 926 1545 admissus
946 1500 974 1543 et
994 1490 1139 1545 institutus
1158 1508 1209 1561 per
1229 1491 1308 1545 cuius
1328 1498 1449 1544 mortem

341 1576 470 1647 predicta
488 1578 610 1634 ecclesia
630 1579 717 1634 modo
736 1588 827 1634 vacat.
865 1578 904 1632 Et
927 1577 1045 1648 predicti
1069 1578 1211 1633 Robertus
1232 1587 1260 1632 et
1282 1576 1449 1647 Radulphus

342 1666 413 1722 alias
425 1667 551 1722 iecerunt
564 1667 700 1723 desaltam
716 1676 870 1738 postquam
887 1664 1051 1720 summoniti
1069 1675 1129 1731 etc,
1144 1664 1281 1720 sciliceta
1293 1665 1339 1719 die
1352 1672 1449 1719 sancte

342 1754 475 1810 trinitatis
494 1755 524 1809 in
540 1774 592 1810 .xv.
605 1756 675 1822 dies,
693 1754 734 1810 ita
751 1755 828 1826 quod
847 1763 913 1808 tunc
932 1754 1141 1809 consideratum
1160 1752 1211 1807 fuit
1228 1754 1304 1824 quod
1322 1752 1449 1823 predicta

342 1843 434 1898 assisa
445 1853 593 1913 caperetur
604 1860 704 1899 uersus
717 1860 766 1898 eos
778 1860 831 1915 per
842 1843 986 1911 desaltam‚
1000 1844 1051 1898 sed
1063 1852 1163 1912 postea
1175 1842 1226 1897 fuit
1244 1842 1272 1897 in
1290 1852 1449 1913 respectum

342 1947 431 2003 usque
443 1933 481 1987 ad
493 1932 569 1987 hunc
582 1934 657 1987 diem
670 1949 722 2003 pro
734 1932 847 1988 deiectu
860 1931 1076 2001 recognitorum,
1090 1940 1142 1985 etc.

396 2019 434 2073 Et
455 2018 541 2087 jurati
565 2019 652 2074 modo
676 2028 813 2073 venerunt
839 2017 887 2088 qui
912 2017 1011 2071 dicunt
1030 2032 1115 2087 super
1135 2025 1345 2071 sacramentum
1366 2032 1448 2070 suum

341 2104 418 2177 quod
431 2104 573 2175 predictus
592 2106 671 2160 Prior
682 2106 782 2160 ultimo
798 2104 972 2175 presentauit
989 2102 1147 2174 predictum
1161 2104 1304 2172 Rogemm
1316 2102 1447 2157 clericum

342 2209 425 2248 suum
444 2192 481 2247 ad
499 2194 657 2265 predictam
676 2194 825 2248 ecclesiam
844 2193 893 2264 qui
911 2192 949 2247 ad
967 2192 1211 2263 presentacionem
1230 2209 1311 2247 suam
1329 2191 1381 2247 luit
1398 2192 1447 2247 ad·

342 2281 446 2337 missus
470 2291 499 2337 et
522 2282 675 2337 institutus.
714 2283 752 2336 Et
774 2292 859 2337 antea
879 2281 1056 2353 presentauit
1077 2281 1220 2351 quendam
1245 2283 1388 2350 Rogcrum
1412 2280 1449 2334 de

342 2370 549 2440 Rauelingham
571 2370 742 2425 auunculum
761 2370 879 2441 predicti
901 2368 1004 2439 Rogeri
1027 2368 1075 2441 qui
1097 2368 1225 2423 similiter
1246 2367 1282 2423 ad
1303 2378 1447 2439 presenta-

341 2459 453 2515 cionem
469 2457 586 2529 predicti
607 2457 710 2512 Prioris
726 2458 764 2513 ad
781 2458 902 2512 eandem
917 2457 971 2512 suit
988 2456 1128 2512 admissus
1146 2468 1172 2511 et
1190 2456 1340 2512 institutus.
1380 2457 1448 2511 ldeo

341 2547 551 2602 consideratum
563 2555 606 2601 est
618 2546 695 2618 quod
707 2547 850 2615 predictus
864 2546 943 2601 Prior
954 2556 1099 2615 recuperet
1111 2544 1354 2615 presentacionem
1367 2560 1445 2599 suam

341 2650 439 2689 uersus
470 2634 612 2705 predictos
644 2635 801 2689 Robertum
830 2643 859 2688 et
892 2632 1082 2704 Radulphum‚
1108 2642 1136 2686 et
1165 2632 1271 2687 habeat
1297 2632 1382 2686 breue
1410 2632 1448 2686 ad

341 2722 507 2793 episcopum
527 2722 755 2779 Lincolniensem
766 2723 843 2794 quod
861 2722 898 2778 ad
915 2722 1161 2791 presentacionem
1180 2720 1267 2791 ipsius
1288 2719 1391 2775 Primis
1410 2720 1447 2774 ad

340 2810 497 2881 predictam
518 2810 668 2865 ecclesiam
688 2811 830 2879 ydoneam
853 2826 1003 2881 personam
1028 2809 1167 2863 admittat
1205 2809 1243 2863 Et
1267 2807 1344 2863 idem
1370 2806 1449 2863 Prior

341 2908 484 2969 recuperet
501 2899 628 2970 dampna
644 2914 695 2953 sua
711 2915 761 2969 per
778 2906 923 2965 statutum,
936 2912 991 2966 que
1009 2906 1142 2951 taxantur
1157 2912 1208 2967 per
1222 2896 1332 2965 juratos
1345 2895 1383 2949 ad
1395 2914 1446 2951 .xv.

340 3003 460 3054 marcas,
482 3003 517 3042 eo
537 2986 614 3058 quod
633 2985 760 3057 predicta
780 2985 900 3041 ecclesia
920 2986 994 3041 valet
1019 3002 1069 3056 per
1093 3001 1200 3039 annum
1224 2991 1305 3038 now.
1328 3000 1446 3039 marcas.

341 3074 467 3141 clericis,
480 3075 515 3129 de
527 3075 662 3147 predictis
672 3092 723 3129 .xv.
733 3075 845 3141 marcis,
856 3093 889 3129 .x.
903 3090 1006 3128 marce.
1034 3074 1072 3128 Et
1085 3073 1227 3128 Robertus
1239 3082 1268 3127 et
1279 3071 1446 3143 Radulphus

341 3162 371 3218 iu
382 3162 583 3219 misericordia.

408 3300 503 3366 Istud
528 3301 702 3365 recordum
727 3299 914 3365 inuenietur
935 3302 968 3364 in
990 3300 1137 3385 quodam
1155 3300 1281 3364 Rotulo
1304 3320 1348 3363 ex
1370 3300 1446 3365 alba

284 3394 324 3561 h
342 3414 437 3489 parte
458 3406 491 3468 in
508 3403 573 3468 fine
595 3404 720 3480 Rutuli,
738 3406 794 3469 ubi
817 3406 905 3470 istud
927 3407 1059 3489 signum
1082 3403 1294 3489 depingitur¹.
1344 3404 1447 3488 Apud

342 3508 678 3573 Westmonasterium
708 3529 820 3573 coram
852 3509 891 3572 T.
918 3508 961 3572 de
988 3507 1170 3590 Weyland¹
1200 3508 1233 3571 in
1264 3508 1387 3584 Banco,
1414 3509 1445 3572 in

342 3610 471 3675 octabis
496 3618 611 3675 sancte
643 3609 829 3684 Trinitatis,
853 3629 942 3673 anno
969 3608 1061 3691 regni
1088 3609 1175 3691 regis
1203 3608 1361 3673 Edwardi
1389 3608 1445 3693 filij

342 3715 429 3799 regis
454 3714 591 3779 Henrici
615 3712 710 3796 xvj⁰’.

391 3897 402 3930 ¹
419 3900 536 3951 Collated
548 3899 609 3950 with
624 3900 667 3951 the
682 3900 787 3966 original
803 3900 830 3951 in
844 3900 888 3951 the
901 3900 988 3951 Public
1001 3900 1101 3951 Record
1113 3900 1200 3961 once,
1215 3902 1257 3951 De
1268 3902 1354 3953 Banco
1366 3902 1446 3963 Rolls,

342 3984 394 4035 No.
408 3996 447 4049 73,
462 3982 522 4033 Roll
533 3982 575 4049 96.
608 3983 664 4034 The
676 3983 744 4034 hand
755 3984 901 4034 mentioned
912 3984 939 4035 in
953 3984 996 4033 the
1012 3990 1063 4033 text
1079 3984 1100 4033 is
1116 3983 1166 4033 still
1185 3990 1211 4032 to
1229 3984 1262 4033 be
1279 4000 1338 4035 seen
1356 4001 1390 4035 on
1406 3984 1448 4036 the

342 4066 440 4131 margin
451 4072 478 4114 at
488 4064 531 4115 the
545 4066 644 4114 bottom
659 4064 689 4114 oi
702 4065 746 4115 the
762 4065 830 4123 Roll‚
843 4065 925 4115 where
941 4066 1010 4116 there
1022 4066 1086 4115 isan
1097 4066 1229 4131 unusually
1239 4066 1308 4132 large
1319 4083 1393 4133 space
1405 4076 1448 4118 not

342 4147 449 4201 covered
459 4147 494 4211 by
503 4146 611 4212 writing.

390 4230 403 4263 ⁸
418 4231 530 4281 Thomas
540 4230 574 4280 de
585 4230 711 4295 Weyland
722 4246 774 4281 was
784 4230 855 4281 chief
865 4231 955 4297 justice
967 4230 996 4281 ol
1003 4231 1046 4281 the
1057 4238 1127 4281 court
1138 4230 1168 4281 oi
1176 4246 1292 4282 common
1304 4232 1381 4298 plens.
1417 4232 1447 4281 In

341 4316 385 4366 the
395 4330 454 4379 year
463 4312 593 4379 following
604 4311 756 4379 (mid-89)
769 4314 801 4364 he
812 4330 864 4364 was
874 4314 1005 4381 disgraced
1016 4314 1067 4364 and
1079 4314 1168 4364 exiled.

390 4396 402 4430 ⁸
417 4396 500 4449 These
511 4397 594 4448 words
607 4396 818 4462 “Apud—xvj⁰.’'
829 4412 871 4448 are
883 4398 925 4449 the
935 4397 1046 4465 heading
1058 4396 1086 4447 oi
1094 4397 1137 4449 the
1150 4396 1218 4449 Roll.
