3192 5067
163 347 220 446 tv]
421 345 471 443 of
488 347 527 420 S.
560 345 671 420 Clare
694 355 738 419 at
771 345 1008 420 Waterbcach
1197 363 1266 436 217

217 536 280 588 Nos
304 541 398 588 autern
423 531 551 587 officialis
572 533 723 604 predictus,
746 532 845 587 habito
866 549 951 603 super
971 531 1116 602 premissis
1136 532 1269 587 omnibus
1282 526 1436 630 fflgqpf

162 622 292 676 consulto
314 619 366 692 [et]
388 631 518 688 tractatu,
540 621 729 676 consideratis
751 620 842 676 eciam
864 630 893 675 et
914 621 967 675 rite
992 621 1119 691 pensatis
1140 619 1269 676 comodis
1282 628 1371 672 officiat

163 728 219 781 que
235 711 344 782 prefato
357 707 529 765 monasterio
545 709 691 764 abbatisse
707 718 736 764 et
752 725 880 763 sororum
897 724 981 779 super
995 709 1157 764 retencione
1172 707 1268 763 huius·
1282 678 1418 781 {ffiffl

163 799 240 854 modi
254 798 384 854 euenient
397 799 426 853 in
439 799 571 864 futurum,
583 814 616 852 ac
634 798 724 854 eciam
737 797 871 869 dampnis
883 807 912 852 et
923 797 1115 853 diminucione
1126 796 1268 868 porcionis
1282 779 1432 831 ’ΜΨ

162 885 290 942 eiusdem
319 885 373 941 loci
398 884 494 956 vicarij
520 884 569 956 qui
593 900 645 954 pro
668 894 797 955 ternpore
820 883 911 952 luerit,
936 885 1016 940 cuius
1040 901 1085 940 res
1109 884 1268 956 specialiter
1280 883 1299 933 f·
1311 886 1343 949 83

163 975 256 1044 agitur
277 974 305 1030 in
327 976 383 1030 hoc
403 975 488 1042 iacto,
512 975 541 1028 in
563 972 608 1030 dei
634 973 748 1028 nomine
772 983 871 1029 tenore
894 974 1071 1045 presencium
1096 974 1267 1042 ordinamus,

163 1063 240 1134 quod
261 1064 291 1118 in
312 1062 610 1134 recompensacionem
631 1061 805 1118 minutarum
829 1063 1005 1118 decimarum
1028 1063 1065 1118 de
1088 1062 1269 1118 incrementis

163 1151 329 1207 animalium
357 1151 533 1223 propriorum
560 1151 753 1221 predictarum
780 1150 975 1221 religiosarum
1002 1161 1030 1206 et
1058 1167 1114 1205 non
1141 1149 1269 1215 aliorum,

163 1250 190 1294 et
216 1239 292 1306 ortis,
318 1239 454 1296 fructibus
478 1240 618 1305 arborum,
644 1239 815 1294 vinariorum
839 1249 868 1294 et
895 1238 959 1308 alijs
983 1238 1099 1294 minutis
1127 1236 1270 1309 [decimis]

163 1327 280 1382 inclusis
301 1326 416 1396 ibidem,
436 1328 579 1398 sepultura
596 1344 630 1382 ac
652 1325 851 1382 oblacionibus
871 1328 909 1383 de
930 1327 1047 1382 domina
1063 1326 1221 1382 fundatrice
1242 1337 1270 1381 et

163 1414 316 1471 heredibus
335 1416 400 1484 suis,
421 1433 472 1470 sua
490 1415 580 1470 libera
598 1414 705 1470 familia
727 1425 754 1470 et
773 1414 838 1485 alijs
855 1414 955 1469 amicis
976 1414 1118 1471 nobilibus
1138 1416 1187 1486 qui
1205 1431 1270 1470 cum

163 1504 206 1559 eis
224 1505 330 1560 ibidem
352 1504 499 1561 euenerint
521 1513 549 1559 et
568 1521 677 1559 moram
699 1504 739 1559 ibi
763 1503 882 1560 fecerint
902 1521 965 1559 cum
989 1504 1104 1570 eisdem,
1124 1503 1271 1558 abbatissa

164 1603 192 1647 et
205 1609 315 1649 sorores
329 1593 364 1648 de
377 1591 566 1648 Waterbecbe
583 1592 694 1648 soluent
707 1601 845 1663 perpetuo
860 1590 897 1647 de
912 1591 995 1646 bonis
1008 1591 1134 1647 eiusdem
1152 1590 1269 1660 manerij

165 1681 208 1735 sui
236 1681 355 1753 predicti
383 1679 490 1736 vicario
519 1681 555 1735 de
579 1680 768 1736 Waterbecbe
797 1680 943 1734 annuatim
971 1679 1009 1734 ad
1038 1679 1111 1734 duos
1135 1679 1270 1733 terminos

164 1767 262 1838 viginti
277 1778 304 1823 et
321 1767 393 1822 duos
408 1767 514 1822 solidos
531 1767 731 1836 sterlingorum
748 1765 777 1821 in
794 1766 916 1822 ecclesia
934 1765 1088 1835 parochiali
1105 1765 1141 1820 de
1157 1766 1270 1820 Water-

165 1857 272 1913 beche:
304 1855 410 1911 scilicet
435 1856 472 1910 ad
498 1856 609 1910 Pascha
634 1853 767 1909 vndecim
792 1854 908 1922 solidos,
930 1863 958 1908 et
982 1853 1020 1908 ad
1043 1853 1147 1908 festum
1172 1853 1270 1908 Sancti

165 1943 315 1999 Michaelis
338 1941 468 1998 undecim
494 1942 619 2008 solidos;
650 1951 678 1996 et
702 1940 824 1996 vicarius
848 1940 936 1996 nichil
959 1941 1037 1996 aliud
1062 1953 1157 2012 petere
1181 1943 1271 2012 possit

163 2049 198 2086 ex
229 2047 316 2086 causa
345 2031 490 2102 predicta;
522 2031 558 2086 de
588 2028 777 2085 seruientibus
805 2038 901 2084 autem
930 2029 1103 2084 secularibus
1131 2029 1270 2085 dictarum

163 2120 358 2190 religiosarum
386 2121 521 2175 continue
550 2119 623 2174 inira
652 2129 772 2189 portam,
800 2127 870 2188 puta
898 2117 926 2172 in
955 2117 1067 2186 celario,
1091 2119 1213 2190 coquina
1242 2129 1270 2174 et

164 2208 311 2274 similibus,
325 2219 353 2264 et
372 2225 427 2262 vno
446 2208 564 2263 custode
583 2205 711 2262 manerio
728 2205 873 2277 deputato,
886 2205 941 2260 nisi
957 2205 1061 2260 suerint
1079 2207 1115 2261 de
1135 2207 1271 2276 parochia

164 2298 200 2353 de
222 2296 558 2364 Waterbecbe,vica1ius
580 2295 666 2351 nichil
688 2295 781 2364 exigat
803 2313 855 2365 pro
879 2294 1076 2350 oblacionibus
1097 2297 1141 2350 vel
1162 2295 1271 2351 conses-

164 2383 300 2448 sionibus,
324 2383 377 2438 nisi
403 2401 437 2438 ex
461 2382 558 2453 gracia
582 2380 746 2448 abbatisse;
780 2382 818 2437 de
842 2381 1029 2438 seruientibus
1054 2393 1149 2439 autem
1173 2401 1271 2438 earum

164 2472 338 2528 secularibus
355 2480 433 2526 extra
450 2487 531 2526 suam
548 2480 659 2542 portam
672 2480 699 2525 et
712 2471 841 2524 clausum
853 2470 1057 2540 laborantibus,
1070 2481 1100 2526 vt
1112 2472 1141 2527 in
1154 2473 1271 2544 campis,

164 2559 261 2630 pratis,
281 2558 412 2630 pasturis,
432 2557 569 2628 piscarijs,
589 2557 720 2627 marisco,
738 2567 767 2613 et
788 2557 852 2626 alijs
872 2557 943 2613 locis
961 2557 1034 2613 infra
1050 2561 1214 2630 parochiam
1235 2563 1272 2617 de

164 2647 361 2715 Waterbecbe,
384 2648 444 2702 siue
465 2647 568 2703 fuerint
589 2646 754 2719 parochiani
775 2646 834 2702 siue
856 2649 991 2718 extranei,
1009 2649 1174 2706 ordinamus
1195 2652 1290 2722 quod·

164 2737 251 2792 iidem
264 2738 419 2793 seruientes
431 2748 567 2808 perpetuo
576 2737 682 2791 faciant
691 2735 855 2792 oblaciones
867 2747 1018 2794 consuetas
1031 2739 1141 2794 matrici
1153 2739 1272 2795 ecclesie

164 2827 200 2882 de
212 2827 402 2882 Waterbecbe
419 2828 521 2883 saltem
539 2837 640 2898 quater
656 2825 684 2880 in
702 2843 787 2892 anno,
800 2836 829 2881 et
847 2825 886 2880 ibi
903 2827 1058 2898 percipiant
1077 2828 1272 2884 ecclesiastica

164 2925 349 2984 sacramenta,
374 2931 408 2970 ac
433 2914 456 2970 si
482 2913 520 2970 ibi
546 2913 720 2970 decesserint
744 2924 772 2969 et
797 2913 866 2968 alibi
891 2914 1014 2970 debeant
1038 2915 1159 2986 sepeliri,
1180 2916 1272 2986 prima

163 3003 253 3060 missa
269 3019 334 3058 cum
351 3019 469 3073 corpore
485 3001 609 3072 presenti
626 3001 782 3058 celebretur
798 3000 828 3056 in
845 3001 907 3074 ipsa
923 3004 1052 3072 ecclesia,
1065 3015 1094 3060 et
1108 3005 1271 3060 oblaciones

163 3101 309 3149 morentur
333 3091 437 3146 ibidem
449 3111 456 3156 ;
487 3101 515 3146 et
537 3090 613 3162 quod
638 3090 785 3146 abbatissa
807 3102 835 3146 et
856 3107 967 3146 sorores
989 3109 1044 3161 que
1068 3109 1120 3162 pro
1145 3102 1272 3162 tempore

164 3180 266 3236 fuerint
285 3179 395 3250 possint
414 3177 547 3249 compelli
567 3196 617 3250 per
634 3178 799 3249 episcopum
822 3180 974 3248 Elyensem
994 3180 1101 3236 eteius
1123 3181 1271 3238 officialem

164 3269 242 3325 omni
261 3280 388 3338 tempore
406 3284 457 3338 pro
473 3265 574 3338 quauis
590 3282 711 3321 censura
729 3266 923 3322 ecclesiastica
941 3267 977 3322 de
994 3269 1080 3339 plano
1098 3277 1126 3324 et
1145 3269 1206 3324 sine
1223 3269 1272 3325 lite

164 3359 202 3414 ad
226 3356 399 3413 solucionem
424 3355 542 3426 predicti
568 3371 671 3410 census
695 3354 782 3410 annui
808 3355 863 3411 seu'
882 3355 1010 3410 redditus
1031 3356 1129 3427 viginti
1151 3359 1270 3413 duorum

164 3447 318 3502 solidorum
337 3445 392 3500 loci
410 3444 516 3500 vicario
534 3444 563 3499 in
582 3443 674 3499 forma
691 3443 827 3515 predicta,
845 3460 902 3499 non
920 3445 1101 3501 obstantibus
1118 3445 1272 3517 priuilegijs

164 3533 238 3590 suis¹
252 3533 408 3605 impetratis
422 3533 467 3587 vel
484 3532 677 3604 impetrandis,
691 3532 793 3602 quibus
809 3535 906 3604 quoad
922 3536 997 3590 bunc
1014 3544 1108 3590 actum
1125 3535 1273 3591 dumtaxat

164 3634 192 3679 et
204 3639 261 3678 non
274 3621 370 3678 aliter²
382 3621 540 3693 specialiter
553 3621 720 3676 renunciant
732 3630 761 3676 et
771 3637 909 3691 expresse.

218 3711 392 3768 Ordinamus
413 3710 488 3782 quod
512 3711 637 3782 predicte
658 3709 789 3780 religiose
808 3713 963 3767 seruientes
982 3729 1049 3767 suos
1068 3713 1208 3769 seculares
1227 3715 1272 3770 vel

164 3799 257 3855 aliena
284 3800 417 3855 animalia
442 3816 491 3854 seu
519 3815 616 3853 eorum
644 3797 766 3853 exitum⁸
795 3815 940 3868 nunquam
964 3809 1113 3869 protegent
1141 3818 1194 3856 nec
1223 3803 1270 3857 de·

164 3889 280 3944 tendent
293 3905 342 3944 seu
355 3887 471 3943 delendi
483 3887 646 3958 permittent
659 3887 687 3941 in
701 3885 796 3956 aliquo
810 3897 909 3942 contra
921 3887 1132 3944 ordinacionem
1144 3899 1271 3945 nostram

164 3977 329 4050 predictam.

218 4066 343 4121 Priorem
356 4076 450 4120 autem
463 4075 492 4120 et
502 4066 681 4120 Conuentum
695 4064 731 4118 de
744 4063 915 4120 Bemewelle
923 4074 952 4119 et
961 4081 1058 4120 eorum
1067 4067 1270 4123 monasterium

164 4155 301 4226 perhanc
314 4163 440 4210 nostram
452 4152 668 4209 ordinacionem
685 4153 713 4206 in
730 4153 808 4208 nullo
823 4152 878 4207 ledi
894 4153 1033 4220 uolumus,
1047 4156 1098 4210 sed
1115 4156 1143 4210 in
1160 4157 1272 4212 decima

164 4245 315 4314 garbarum
329 4253 357 4298 et
370 4243 434 4312 seni,
448 4253 561 4316 pastore
575 4252 602 4298 et
615 4241 687 4313 alijs,
696 4241 782 4298 libere
794 4251 823 4298 et
836 4241 919 4312 plene
930 4243 1086 4314 percipiant
1099 4244 1171 4300 sicut
1184 4255 1258 4302 ante.

229 4383 237 4416 ¹
255 4386 306 4436 suis
316 4385 416 4451 quibus,
431 4387 489 4438 MS.
645 4385 757 4446 'alium
772 4385 830 4436 MS·
994 4385 1006 4416 ³
1021 4387 1135 4448 extituru,
1148 4389 1206 4442 MS.
