3192 5067
165 342 229 442 111]
439 342 532 417 case
557 342 607 438 of
622 341 752 439 Ralplz
777 341 821 414 de
850 340 1019 439 Cropper
1202 364 1270 433 143

166 531 199 593 in
227 528 392 611 peticione
418 548 479 592 sua
505 548 572 591 non
599 526 752 591 exaudiri
777 527 969 609 impetrauit
991 524 1104 589 literas
1126 522 1273 608 papales,
1287 540 1439 634 33:32oe

165 632 257 716 quod
284 630 413 696 decime
439 631 494 695 ille
520 632 563 695 de
589 631 658 694 iure
681 631 850 693 communi
874 637 1024 712 spectare
1047 628 1207 693 deberent
1230 628 1273 692 ad
1287 641 1441 734 {gfflffissf

166 736 339 799 ecclesiam
355 756 450 799 suam
467 735 573 799 sancti
589 734 726 798 Andree
742 735 785 798 de
803 734 969 817 Hystone,
985 734 1063 817 quia
1078 741 1173 796 erant
1189 732 1274 795 infra
1288 743 1414 843 3230&

167 840 291 903 limites
314 838 470 923 parochie
493 859 560 916 sue,
575 848 609 901 et
631 838 708 901 lecit
730 839 824 901 citari
847 838 994 901 Priorem
1016 847 1050 900 et
1070 846 1273 901 conuentum
1288 842 1437 945 ssssfilfffls

167 964 278 1008 coram
296 943 655 1027 precentoreEcclesie
671 942 882 1007 Cathedralis
899 941 1151 1005 Lincolniensis.
1183 942 1276 1005 Prior
1289 942 1442 1045 ffiffipffsef

168 1068 247 1112 uero
285 1048 375 1111 misit
412 1047 457 1111 ibi
495 1056 743 1129 procuratorem
781 1066 878 1110 suum
911 1046 1108 1109 canonicum
1140 1046 1275 1109 nomine
1289 1046 1428 1149 2222&

169 1152 342 1236 Algerum‚
353 1154 420 1235 qui,
433 1160 571 1235 accepto
584 1150 706 1226 libello,
716 1151 831 1214 statim
844 1150 1028 1233 appellauit
1040 1150 1082 1213 ad
1100 1150 1273 1214 dominum

167 1278 301 1340 papam,
316 1265 351 1321 et
371 1258 414 1321 ad
434 1257 614 1321 tuicionem
635 1254 723 1318 sedis
740 1254 996 1320 Cantuariensis.
1044 1254 1089 1317 Et
1107 1253 1170 1317 hoc
1192 1255 1275 1318 mul·

168 1371 241 1426 tum
255 1361 381 1445 placuit
397 1361 587 1425 aduersario
602 1380 672 1435 suu,
684 1360 773 1423 vnde
786 1359 893 1441 judex
910 1357 1030 1422 detulit
1045 1357 1276 1441 appellacioni,

168 1476 202 1530 et
232 1465 367 1549 prefixit
396 1464 546 1549 partibus
575 1465 664 1528 diem
695 1465 728 1527 in
759 1464 850 1527 curia
879 1483 1025 1528 romana.
1075 1464 1168 1527 Prior
1198 1483 1276 1527 uero

169 1572 259 1635 misit
289 1572 332 1635 ad
363 1572 488 1634 curiam
519 1581 765 1654 procuratorem
796 1588 893 1633 suum
925 1568 1049 1632 scilicet
1079 1568 1275 1652 magistrum

170 1675 352 1739 Ricardum
367 1675 410 1739 de
426 1675 583 1739 Nedham
600 1675 642 1738 ad
659 1672 905 1738 defendendum
926 1694 1061 1738 causam
1082 1693 1184 1737 suam.
1231 1674 1277 1737 Et

169 1788 247 1862 post
269 1778 441 1843 biennium
469 1778 530 1842 fuit
557 1798 658 1842 causa
680 1778 818 1841 remissa
842 1778 874 1841 in
898 1776 1060 1860 Angliam
1084 1779 1278 1841 instruenda

168 1904 281 1948 coram
302 1882 478 1965 judicibus,
500 1882 655 1946 videlicet
681 1880 930 1944 Archidiacono
953 1880 1069 1946 Sancti
1093 1880 1218 1945 Albani
1243 1891 1277 1946 et

169 1987 312 2053 Officiali
344 1987 516 2052 Bedeiord.
562 1985 640 2069 Qua
669 1986 830 2050 instructa
861 2006 936 2048 cum
968 1986 1198 2068 positionibus,
1228 2008 1276 2049 re·

169 2092 412 2175 sponsionibus,
424 2090 693 2173 deposicionibus
708 2093 854 2165 testium,
867 2101 901 2154 et
916 2090 1029 2153 multis
1046 2090 1278 2168 amminiculis,

170 2197 401 2261 remittebatur
416 2196 535 2259 iterum
551 2215 652 2258 causa
667 2195 710 2257 ad
727 2195 852 2257 curiam
868 2194 993 2257 ibidem
1009 2194 1229 2271 terminanda,
1244 2204 1278 2258 et

169 2301 214 2364 ibi
230 2300 401 2383 pendebat
414 2309 448 2364 et
464 2299 645 2383 languebat
660 2319 719 2381 per
739 2309 873 2380 tempus
893 2308 1036 2381 quatuor
1056 2298 1109 2362 uel
1130 2299 1278 2382 quinque

170 2405 346 2487 Paparum,
371 2403 526 2467 videlicet
550 2423 610 2486 per
636 2424 705 2467 .xx.
735 2422 842 2466 annos
869 2411 904 2466 et
929 2401 1081 2484 amplius,
1109 2423 1176 2465 non
1207 2403 1278 2466 sine

169 2509 328 2592 grauibus
343 2508 501 2591 expensis
517 2517 552 2571 et
568 2507 683 2571 multis
704 2506 881 2570 laboribus.
927 2506 1081 2570 Tandem
1103 2527 1182 2570 uero
1202 2526 1277 2588 pro-

170 2624 321 2677 curatore
344 2612 492 2677 eiusdem
517 2611 666 2695 magistri
692 2610 863 2693 Radulphi
891 2610 1132 2674 contumaciter
1158 2632 1194 2674 se
1219 2610 1277 2674 ab·

171 2727 332 2794 sentante,
348 2718 416 2781 lata
436 2726 487 2781 est
507 2716 678 2779 sentencia
698 2736 759 2798 pro
779 2715 853 2797 jure
873 2715 994 2778 Prioris
1014 2715 1277 2779 contradictum

171 2832 342 2898 rectorem,
369 2833 402 2886 et
429 2823 695 2903 condempnatus
725 2831 796 2901 erat
827 2829 933 2884 rector
962 2820 995 2883 in
1027 2820 1183 2903 expensis
1213 2841 1278 2904 que

171 2926 412 2991 estimabantur
427 2926 471 2989 ad
486 2926 687 3009 quingentas
703 2946 839 2989 marcas.
886 2924 954 2991 Sed
974 2924 1077 2988 iudex
1098 2926 1279 2988 reseruauit
1293 2932 1310 2984 t.
1326 2948 1357 2998 ⁵3

169 3031 234 3095 sibi
249 3030 472 3095 taxacionem.
518 3032 716 3094 Procurator
730 3049 810 3093 uero
827 3029 946 3092 Prioris
963 3030 1146 3111 reportauit
1165 3049 1279 3093 secum

172 3137 206 3200 in
217 3136 378 3220 Angliam
390 3136 594 3200 sentenciam
608 3135 712 3199 latam
724 3135 788 3199 sub
798 3134 907 3217 sigillo
921 3134 1050 3216 judicis,
1062 3146 1096 3199 et
1107 3133 1281 3218 legebatur

172 3241 206 3304 in
217 3239 316 3322 plena
325 3241 456 3321 synodo
468 3241 557 3323 apud
572 3238 773 3304 Bernewelle
784 3260 897 3303 coram
909 3240 1001 3303 omni
1013 3239 1108 3303 clero.
1148 3239 1280 3303 Deinde

173 3345 312 3409 audiens
328 3345 420 3407 Prior
435 3345 524 3427 quod
543 3345 702 3426 magister
722 3342 921 3426 Radulphus
943 3363 1071 3406 moram
1092 3342 1216 3406 faceret
1237 3342 1280 3405 ad

172 3448 345 3512 ecclesiam
374 3467 468 3511 suam
495 3449 538 3511 de
566 3448 732 3531 Hystone,
759 3448 850 3510 misit
877 3446 920 3510 ibi
949 3446 1155 3530 subpriorem
1182 3467 1280 3510 suum

172 3552 370 3637 Johannem,
394 3562 427 3616 et
454 3552 556 3616 alium
583 3552 790 3627 canonicum,
813 3550 869 3634 qui
897 3550 959 3614 sibi
987 3560 1020 3614 et
1046 3552 1281 3616 executoribus

173 3658 241 3721 suis
267 3656 506 3720 denunciarent
530 3655 775 3737 nequicquam
800 3663 1040 3737 attemptarent
1063 3655 1216 3718 ordinare
1239 3654 1281 3719 de

173 3760 270 3825 bonis
292 3760 363 3823 eius
385 3779 558 3842 quousque
581 3758 788 3822 satisfactum
813 3767 900 3822 esset
924 3758 1026 3821 Priori
1050 3760 1093 3821 de
1115 3759 1281 3841 expensis

175 3862 276 3947 Quod
297 3875 331 3928 et
352 3862 477 3928 sactum
498 3873 550 3928 est
570 3863 625 3927 die
646 3862 845 3927 Sanctorum
868 3862 978 3945 Cyrici
999 3872 1033 3926 et
1048 3862 1151 3945 Julite
1167 3864 1282 3928 matris

173 3968 259 4031 eius¹
282 3968 315 4030 in
338 3967 501 4031 cimiterio
523 3966 630 4031 sancti
654 3966 790 4030 Andree
815 3966 857 4029 de
883 3966 1040 4048 Hystone
1062 3966 1144 4030 hora
1166 3968 1282 4050 prima,

173 4071 384 4155 presentibus
414 4070 548 4134 Thoma
585 4071 749 4133 seruiente
787 4070 931 4147 rectoris,
961 4070 1098 4133 domino
1127 4070 1282 4151 Johanne

175 4175 340 4240 monacho
355 4176 398 4239 de
415 4174 607 4252 Bitlisdene,
624 4173 776 4240 Gallrido
793 4175 910 4251 Herui,
927 4174 1072 4239 Ricardo
1088 4175 1282 4258 Wyndaler,

239 4386 249 4419 ¹
266 4387 322 4437 The
333 4388 487 4451 martyrdom
498 4386 527 4437 oi
536 4387 563 4437 S.
578 4387 630 4450 Cyr
639 4387 690 4437 and
701 4386 740 4437 his
751 4386 851 4437 mother
859 4384 937 4451 Juliet
949 4402 999 4436 was
1010 4386 1072 4451 kept
1086 4385 1116 4437 16
1125 4387 1199 4451 June.
