3192 5067
386 333 455 402 292
734 315 771 388 T
765 325 897 390 enanis
923 315 964 389 in
990 317 1151 390 Mordeat
1396 317 1503 417 [Boos
1554 282 1555 289 ἵ

451 503 617 569 Robcrtus
632 503 759 571 Torold
779 515 873 572 tenet
893 526 996 571 vnum
1012 507 1221 589 mesuagium
1239 507 1352 571 iuxta
1367 507 1501 572 domum
1555 582 1556 585 Ἴ

384 616 541 686 nostram,
556 618 590 673 et
606 609 716 674 reddit
731 611 811 676 inde
825 631 885 694 per
899 632 1025 676 annum
1041 632 1102 675 sex
1118 611 1289 675 denarios
1322 649 1326 654 ‚

447 711 618 796 Johannes
633 715 729 780 West
744 725 838 780 tenet
852 716 1026 780 dimidiam
1044 717 1207 798 virgatam
1221 726 1326 791 terre,
1343 726 1386 781 et
1402 717 1501 780 reddit
1556 768 1557 787 t

383 817 461 883 inde
484 839 689 902 perannum
714 823 862 905 quinque
886 821 1012 884 solidos
1038 829 1072 885 et
1098 829 1243 904 quatuor
1267 821 1453 895 denarios,
1475 835 1502 882 et

381 921 467 985 duos
489 943 634 1006 capones
656 924 699 988 ad
731 925 864 1002 Natale,
886 935 920 989 et
946 925 1095 988 inueniet
1117 945 1218 988 vnam
1242 937 1430 990 carectam
1453 946 1503 1008 por

382 1045 484 1090 vnum
508 1027 596 1092 diem
620 1027 653 1090 in
677 1039 865 1113 autumpno
887 1031 974 1093 sicut
996 1039 1030 1094 et
1053 1029 1119 1111 alij.

449 1131 616 1196 Robertus
639 1133 793 1198 Tedbold
817 1143 911 1199 tenet
939 1134 1057 1198 decem
1080 1154 1174 1197 acras
1196 1141 1295 1210 terre,
1320 1145 1361 1199 et
1398 1136 1501 1199 reddit

382 1235 460 1299 inde
483 1255 542 1318 per
568 1257 693 1301 annum
717 1259 755 1302 .v.
782 1236 918 1315 solidos,
940 1247 975 1302 et
1004 1237 1090 1302 duos
1116 1257 1263 1320 capones
1287 1240 1337 1302 ad
1372 1240 1501 1306 Natalc

382 1347 415 1403 et
439 1339 586 1405 inueniet
608 1360 708 1406 vnam
731 1349 897 1407 carectam
921 1341 956 1406 in
977 1352 1165 1427 autumpno
1187 1363 1247 1426 per
1270 1363 1386 1408 vnum
1417 1346 1499 1408 diem

382 1445 468 1509 sicut
490 1453 524 1508 et
547 1444 611 1526 alij.
1557 1432 1558 1437 ἵ

448 1549 615 1614 Robertus
638 1548 763 1614 Torold
788 1559 881 1615 tenet
907 1550 1055 1634 quinque
1081 1571 1175 1614 acras
1196 1558 1293 1625 terre,
1318 1561 1357 1615 et
1394 1555 1499 1618 reddit

383 1653 460 1718 inde
489 1674 550 1737 per
575 1673 701 1718 annum
726 1654 848 1738 ,xxxii
870 1654 1034 1733 denarios,
1060 1665 1095 1719 et
1120 1676 1223 1719 voum
1254 1677 1436 1739 caponem
1464 1661 1500 1722 ad

382 1757 513 1834 Natale,
550 1767 584 1822 et
622 1757 769 1823 inueniet
807 1779 907 1824 vuam
943 1769 1109 1825 carectam
1146 1760 1180 1823 in
1210 1769 1417 1845 autumpno
1448 1787 1501 1849 per

381 1861 557 1926 dimidium
580 1862 670 1927 diem
693 1863 779 1928 sicut
801 1870 836 1928 et
858 1861 925 1946 alii.

450 2067 495 2130 14
544 2049 603 2114 lsti
623 2059 702 2114 sunt
722 2049 1005 2133 consuetudinarij
1028 2049 1062 2114 in
1085 2049 1203 2115 eadem
1225 2050 1306 2116 villa
1327 2051 1377 2117 de
1401 2054 1501 2120 feodo

381 2171 470 2236 Petri
486 2169 529 2236 de
544 2171 662 2236 Beche.

445 2325 599 2391 Andreas
623 2325 775 2408 Edwyne
806 2336 840 2390 et
870 2325 1058 2390 Willelmus
1089 2323 1241 2409 Edwyne
1270 2335 1399 2393 teuent
1433 2354 1500 2396 ,xx

379 2451 473 2496 acras
487 2440 574 2496 terre
589 2441 622 2496 et
645 2431 790 2495 reddunt
811 2431 889 2496 inde
910 2451 970 2514 per
989 2451 1116 2495 annum
1138 2452 1180 2495 ,x
1200 2429 1340 2510 solidos,
1357 2445 1397 2500 et
1415 2439 1500 2501 duas
1560 2456 1561 2471 ¹

286 2542 304 2591 s.
320 2543 364 2608 165
378 2535 520 2620 gallinas
558 2536 600 2600 ad
641 2535 770 2612 Natale,
809 2544 844 2600 et
880 2535 1053 2599 inuenient
1089 2555 1193 2599 vnum
1232 2534 1416 2602 hominem
1459 2543 1498 2604 ad

378 2642 572 2706 metendum
589 2641 622 2703 in
645 2650 833 2723 autumpno
853 2640 898 2703 ad
917 2639 1029 2702 cibum
1049 2638 1177 2702 domini
1193 2659 1253 2722 per
1266 2661 1375 2704 vnum
1394 2643 1499 2713 diem.

377 2755 412 2810 et
426 2763 527 2809 vnum
545 2743 714 2807 hominem
730 2764 790 2828 per
805 2742 907 2808 alium
924 2743 1013 2807 diem
1029 2742 1101 2807 sine
1112 2743 1198 2818 cibo,
1213 2744 1265 2808 vel
1280 2744 1422 2812 dabunt
1438 2772 1498 2834 pro

377 2849 509 2914 duobus
535 2849 726 2914 hominibus
756 2848 809 2930 iij.
841 2848 995 2912 denarios
1019 2857 1053 2912 et
1078 2849 1224 2912 reddunt
1254 2870 1323 2913 ,τοι
1352 2871 1427 2917 oua
1455 2859 1495 2918 ad

379 2954 515 3020 Pascha

443 3058 611 3123 Robertus
641 3057 672 3122 le
703 3057 892 3140 Plouwryte
915 3066 1008 3121 tenet
1032 3056 1180 3140 quinque
1210 3077 1303 3120 acras
1328 3066 1436 3138 terre,
1462 3078 1494 3128 et
1561 3062 1562 3067 ’

377 3164 486 3230 reddit
501 3163 579 3227 inde
591 3181 785 3247 perannum
802 3161 844 3246 .ij.
859 3161 984 3227 solidos
1000 3172 1034 3226 et
1046 3162 1096 3243 .vj.
1110 3161 1273 3240 denarios,
1284 3173 1320 3226 et
1333 3166 1493 3247 quolibet

375 3265 523 3331 secundo
547 3285 635 3329 anno
658 3283 758 3328 vnam
779 3263 939 3348 gallinam
960 3264 1004 3328 ad
1020 3263 1154 3342 Natale,
1175 3274 1209 3328 et
1229 3265 1383 3348 quolibet
1399 3290 1492 3334 anno

376 3375 522 3456 quinque
538 3390 602 3433 oua
618 3368 660 3432 ad
675 3367 811 3444 Pascha,
824 3377 858 3432 et
873 3388 975 3432 vnum
991 3368 1161 3431 hominem
1178 3369 1221 3431 ad
1238 3371 1442 3436 metendum
1460 3377 1490 3436 in

376 3485 563 3558 autumpno
585 3493 645 3557 per
666 3492 768 3538 vnum
799 3473 890 3537 diem
921 3473 964 3536 ad
987 3474 1100 3536 cibum
1131 3472 1259 3536 domini
1289 3473 1357 3557 [vel
1391 3478 1489 3543 dabit

377 3581 437 3663 .j.d.
454 3579 544 3662 ob.]¹.

442 3683 605 3748 Katerina
623 3681 742 3744 Blauat
763 3689 855 3744 tenet
873 3679 990 3744 decem
1006 3702 1100 3745 acras
1116 3692 1210 3760 terre,
1225 3690 1260 3748 et
1275 3684 1390 3750 reddit
1406 3689 1488 3753 inde

374 3807 574 3874 perannum
591 3787 738 3868 quinque
754 3782 880 3846 solidos
894 3792 930 3846 et
944 3803 1045 3847 vnam
1060 3784 1221 3867 gallinam
1239 3786 1281 3849 ad
1299 3785 1437 3866 Natale,
1454 3807 1488 3857 et

373 3896 489 3959 decem
513 3912 578 3956 oua
601 3890 643 3954 ad
669 3889 806 3964 Pascha,
820 3898 855 3952 et
877 3891 962 3952 duos
986 3888 1138 3954 homines
1160 3890 1203 3954 ad
1227 3892 1426 3959 metendum
1453 3901 1485 3962 in

373 4011 559 4081 autumpno
581 4015 640 4079 ρετ
662 4014 764 4059 vnum
788 3993 879 4057 diem
902 3993 969 4077 [vel
992 3994 1087 4058 dabit
1111 3993 1233 4077 ,iij.d.]¹.

743 4159 751 4190 ¹
767 4158 862 4213 Added
873 4158 900 4206 in
909 4174 926 4207 a
937 4158 1000 4208 later
1011 4157 1088 4208 haud.
