3192 5067
154 367 202 467 11]
580 368 622 441 in
647 368 708 442 tlte
733 368 835 443 Fair
1213 374 1261 462 89

153 553 233 618 darn
257 574 380 639 equum
407 553 570 631 venalem,
594 551 721 617 scilicet
746 553 918 635 quandam
944 553 1133 637 jumentam
1159 574 1261 637 quam
1274 571 1408 617 uteretur

153 657 281 722 furatus
304 658 418 723 fuerat
464 657 567 722 Venit
590 658 727 740 quidam
749 658 900 735 villanus,
919 668 953 723 et
976 659 1112 723 nomine
1134 657 1261 721 domini
1274 623 1398 717 illidii

153 763 203 827 sui
230 763 471 846 calumpniauit
497 782 621 845 equum
652 761 754 825 illum.
802 762 903 845 Quod
934 772 972 827 ut
1001 762 1177 846 perpendit
1207 724 1398 866 illeffiqe

153 866 239 931 latro
263 866 397 950 reliquit
423 887 546 950 equum
574 875 608 929 et
635 864 719 947 sugit
744 886 850 949 usque
876 867 909 930 in
939 867 1124 943 Boueriam‚
1151 866 1263 950 ibique
1273 834 1414 927 (π’ἶμῗιιοοῖιι

154 970 348 1035 morabatur
367 981 528 1054 tanquam
550 970 584 1033 in
604 969 753 1046 ecclesia,
767 970 847 1053 quia
863 980 934 1035 erat
949 970 1034 1035 inira
1050 992 1171 1035 muros.
1216 970 1263 1035 Et
1276 925 1342 978 Μ

154 1074 233 1155 quia
259 1072 392 1138 dicebat
415 1074 506 1156 quod
532 1073 638 1136 uoluit
660 1093 697 1136 se
719 1082 833 1137 tenere
855 1076 897 1137 ad
923 1074 1102 1138 tuicionem
1126 1073 1264 1138 ecclesie

154 1189 278 1256 sancte,
295 1181 478 1245 ducebatur
499 1199 605 1263 usque
624 1180 657 1241 in
673 1177 838 1262 capellam
855 1178 972 1243 Sancti
988 1178 1134 1255 Andree,
1150 1178 1263 1262 ibique

156 1283 347 1348 morabatur
368 1304 436 1367 quo
460 1304 566 1365 usque
588 1281 755 1345 abiurauit
776 1290 899 1344 terram
923 1279 1056 1364 Anglie.
1102 1280 1202 1345 Vnde
1229 1281 1262 1345 in

155 1386 264 1450 rotulo
286 1386 490 1451 coronatoris
514 1384 730 1448 inrotulatum
754 1392 826 1448 erat
853 1382 934 1448 illud
959 1383 1084 1446 lactum
1108 1383 1175 1446 sic:
1205 1384 1262 1465 Jo-

155 1488 282 1555 hannes
303 1490 347 1555 de
369 1489 590 1555 Mendesham
615 1487 701 1551 lilius
725 1486 884 1551 Willelmi
907 1486 950 1550 de
976 1486 1197 1550 Mendesham
1220 1487 1263 1552 de

155 1596 317 1660 comitatu
345 1594 535 1670 Suflolchie‚
560 1592 691 1676 fugiens
717 1592 760 1655 ad
783 1592 960 1657 ecclesiam
984 1591 1101 1657 Sancti
1126 1591 1263 1657 Andree

155 1702 199 1766 de
230 1702 439 1779 Bernewelle,
464 1701 519 1766 die
549 1699 736 1764 natiuitatis
767 1697 883 1764 Sancti
907 1698 1071 1782 Johannis
1102 1698 1262 1781 Baptista,

155 1827 244 1871 anno
259 1808 352 1889 regni
369 1807 473 1889 Regis
486 1805 643 1869 Edwardi
655 1803 813 1881 secundo,
825 1806 1020 1887 recognouit
1031 1805 1121 1887 quod
1137 1802 1262 1867 iuratus

155 1911 217 1976 fuit
236 1913 418 1995 quemdam
440 1931 563 1994 equum
585 1910 627 1974 ad
650 1909 880 1973 molendinum
903 1909 945 1971 de
965 1908 1133 1972 Westone.
1182 1907 1262 1973 Ideo
1275 1918 1293 1969 t.
1311 1920 1370 1985 μὴ

155 2016 321 2081 abiurauit
342 2026 464 2080 terram
482 2016 607 2098 Anglie
627 2015 811 2079 secundum
834 2014 972 2078 assisam
994 2015 1094 2097 regni.
1143 2014 1264 2077 Postea

157 2122 249 2185 uenit
272 2122 441 2205 predictus
461 2120 604 2183 villanus
625 2139 701 2182 curn
724 2127 854 2201 septem
879 2117 1040 2201 legalibus
1063 2117 1263 2194 hominibus,

155 2226 212 2309 qui
234 2225 330 2288 iurati
352 2234 387 2288 et
407 2224 591 2288 examinati
608 2222 764 2287 dicebant
780 2241 880 2305 super
897 2231 1143 2285 sacramentum
1165 2240 1262 2284 suum

155 2330 247 2413 quod
277 2349 383 2411 equus
414 2327 475 2391 fuit
505 2326 646 2410 predicti
677 2324 810 2402 villani;
839 2334 873 2388 et
903 2324 950 2389 sic
981 2322 1042 2388 luit
1073 2324 1127 2389 ille
1157 2345 1263 2408 equus

155 2433 306 2515 predicto
316 2432 441 2496 villano
453 2432 618 2495 liberatus.
651 2429 801 2492 Precium
815 2428 891 2511 equi
904 2447 963 2511 per
974 2426 1098 2511 legales
1110 2427 1262 2492 homines

154 2538 347 2601 estimatum
372 2537 415 2601 ad
440 2534 587 2619 quinque
611 2532 743 2596 solidos.
791 2531 836 2595 Et
862 2542 940 2596 tunc
969 2532 1045 2597 lecit
1072 2532 1181 2596 dictus
1204 2532 1263 2596 vil-

154 2641 250 2704 lanus
280 2641 490 2705 securitatem
518 2638 607 2721 quod
635 2638 663 2699 si
693 2636 815 2698 domus
846 2636 888 2700 de
920 2634 1120 2700 Bemewelle
1151 2635 1263 2719 aliquo

154 2755 306 2828 ternpore
321 2745 506 2826 dampnum
522 2743 676 2817 incurrat,
688 2739 741 2803 uel
754 2739 983 2803 occasionetur
998 2742 1129 2803 racione
1145 2740 1261 2804 libera-

155 2850 261 2913 cionis
276 2849 356 2913 dicti
372 2849 459 2931 equi,
472 2848 562 2929 quod
579 2844 794 2927 respondebit
810 2844 853 2907 de
869 2843 1018 2927 dampno
1034 2853 1068 2908 et
1082 2846 1261 2928 expensis;

155 2965 190 3019 et
214 2954 342 3019 inuenit
366 2955 451 3017 duos
478 2950 695 3025 fideiussores,
718 2948 874 3013 videlicet
897 2947 1072 3012 dominum
1096 2949 1261 3014 Constan-

155 3059 262 3122 tinum
288 3067 323 3121 et
347 3056 521 3120 dominum
550 3053 738 3118 Gallridum
765 3051 957 3136 capellanos
980 3053 1037 3137 qui
1061 3063 1141 3117 tunc
1164 3062 1260 3117 erant

155 3162 329 3228 domestici
349 3161 476 3225 Prioris.

156 3481 207 3543 28.
251 3476 303 3541 De
326 3474 522 3539 contmczbm
548 3474 635 3538 inter
658 3472 810 3537 Priorem
831 3482 864 3535 et
884 3470 1034 3535 Balliuos
1058 3470 1263 3554 cantebngris

290 3594 352 3665 pro
373 3578 503 3644 catallis
515 3578 665 3659 felonum
689 3576 723 3640 in
737 3574 834 3658 feria
855 3575 894 3638 de
915 3574 1116 3640 Bemwelle.

221 3787 369 3873 Quidam
397 3796 559 3850 mercator
587 3784 677 3848 uenit
703 3782 746 3847 ad
772 3782 886 3846 leriam
910 3781 954 3846 de
976 3778 1179 3845 Bernewelle
1202 3800 1260 3844 ex·
1273 3800 1368 3893 prem

155 3912 283 3981 ponens
299 3912 350 3955 res
365 3911 442 3954 suas
459 3888 602 3966 uenales,
613 3888 769 3952 videlicet
783 3886 927 3963 cultella,
939 3886 1139 3961 cerothecas,
1151 3905 1261 3962 zonas,
1274 3901 1416 3995 affl,

155 4009 190 4063 et
204 3996 404 4071 huiusmodi,
419 4004 453 4059 et
469 3993 602 4057 nemine
617 4012 694 4056 eum
711 4002 932 4074 persequente
946 3990 1009 4055 sibi
1026 3992 1088 4074 ipsi
1110 3990 1261 4054 conscius
1274 4000 1336 4093 {ppo
1345 4001 1389 4044 the

156 4103 268 4185 lugam
301 4099 382 4181 inijt,
410 4108 444 4163 et
469 4117 521 4162 res
551 4116 629 4160 suas
659 4098 730 4161 sine
759 4096 899 4160 custode
929 4094 1113 4177 dereliquit
1160 4091 1259 4174 Quod
1273 4100 1356 4195 ¹313:
1384 4103 1424 4189 bf·

155 4204 365 4291 perpendens
401 4200 548 4265 Balliuus
586 4200 707 4263 Prioris
742 4198 821 4263 lecit
854 4200 1049 4281 pervisum
1080 4196 1260 4279 proborum
1273 4200 1412 4296 pquhlglvqr

155 4311 328 4377 hominum
359 4308 448 4372 bona
478 4307 550 4389 ipsa
580 4305 782 4388 complicari,
804 4313 839 4367 et
863 4305 896 4367 in
923 4304 1108 4367 Prioratum
1134 4300 1382 4397 desertiaeggffl

156 4416 324 4480 Robertus
359 4412 484 4494 Tuylet
518 4420 599 4474 tunc
629 4409 740 4475 Maior
770 4406 983 4489 Cantebrigie
1013 4405 1110 4489 petijt
1139 4405 1261 4471 catalla
1273 4414 1379 4498 ἔξω
