3192 5067
165 530 224 572 Pleu
232 529 261 571 os

163 579 293 623 walteria

164 630 238 672 Lord.

168 1545 235 1586 Prior

169 3005 301 3057 Rejoloder

167 3055 245 3149 lli:

333 336 401 423 164
616 330 783 428 caseos
806 331 953 403 Walter
976 333 1011 403 la
1036 332 1148 405 Lord
1309 330 1429 430 [Βοοκ

327 525 452 582 Odieme
470 537 573 581 terram
592 526 669 590 illam
689 528 779 583 tenuit
798 529 835 583 de
852 544 886 583 eo
903 546 953 600 per
969 528 1119 585 seruicium
1137 530 1264 585 militare.
1303 530 1340 583 Et
1357 528 1431 583 vnde

326 615 395 670 dicit
419 614 496 685 quod
520 614 664 685 predictus
687 616 816 670 Thomas
841 617 930 673 tenuit
952 618 988 673 de
1009 634 1045 672 eo
1066 618 1222 688 predictam
1243 616 1362 673 terraml
1383 632 1432 687 per

327 702 477 758 seruicium
494 702 622 769 militare,
636 704 742 759 scilicet
759 720 810 774 per
826 705 991 775 homagium
1005 715 1033 760 et
1046 706 1196 761 seruicium
1208 704 1293 760 trium
1305 703 1432 759 denario

327 809 399 859 rum,
412 792 450 846 ad
465 792 625 861 scutagium
636 794 695 847 .xl.
709 793 863 848 solidorum
882 794 996 865 quando
1008 794 1143 861 euenerit,
1156 804 1183 847 et
1197 794 1233 847 ad
1246 794 1308 864 plus
1321 794 1393 863 plus,
1404 802 1433 847 et

328 881 365 935 ad
385 880 480 935 minus
501 882 614 946 minus;
638 891 667 936 et
688 898 738 951 per
759 882 909 937 seruicium
931 882 1030 937 decem
1051 892 1079 937 et
1100 891 1164 936 octo
1185 881 1365 936 denariorum
1384 896 1433 951 per

327 985 443 1037 annum,
455 978 485 1023 et
501 969 538 1023 de
554 968 656 1038 quihus
673 968 799 1038 seruicijs
818 970 893 1024 idem
906 970 1049 1025 Walterus
1066 969 1117 1024 luit
1130 968 1243 1025 seisit'us
1255 985 1305 1039 per
1318 985 1432 1022 manum

328 1055 447 1126 predicti
457 1056 569 1110 Thome
578 1066 609 1112 ut
618 1057 654 1111 de
664 1058 747 1112 feodo
756 1067 785 1112 et
795 1056 881 1128 jure¹.
916 1059 954 1113 Et
964 1057 1040 1113 idem
1053 1059 1181 1112 Thomas
1194 1057 1222 1111 in
1235 1058 1368 1126 homagio
1381 1073 1433 1111 suo

328 1144 407 1213 obijt,
423 1154 452 1199 et
469 1162 505 1199 ea
522 1144 637 1200 racione
655 1142 748 1217 [dicit]
765 1147 925 1201 custodiam
943 1148 1133 1219 predictorum
1153 1156 1379 1202 tenementorum
1396 1145 1432 1201 ad

329 1231 421 1302 ipsum
437 1232 585 1303 pertinere.
622 1234 706 1288 Vnde
722 1233 791 1287 dicit
808 1234 884 1304 quod
903 1250 952 1303 per
969 1236 1023 1289 hoc
1035 1234 1111 1304 quod
1124 1234 1266 1305 predictus
1282 1233 1361 1289 Prior
1372 1250 1432 1303 pre-

328 1320 436 1375 dictam
448 1321 608 1375 custodiam
620 1322 646 1376 ei
656 1322 823 1378 deforciauit
835 1322 1022 1377 deterioratus
1034 1332 1078 1377 est
1091 1332 1119 1377 et
1131 1322 1287 1391 dampnum
1300 1322 1387 1376 habet
1396 1321 1433 1375 ad

328 1407 486 1463 valenciam
505 1425 551 1462 .c.
572 1409 735 1476 solidorum,
754 1420 782 1464 et
802 1410 867 1465 inde
886 1410 1015 1479 producit
1034 1419 1142 1466 sectam
1161 1420 1213 1464 etc.

167 1492 315 1585 P¹0¹ff¹h²
383 1496 421 1550 Et
443 1495 524 1549 Prior
544 1496 622 1551 uenit
640 1507 669 1551 et
688 1497 815 1552 defendit
833 1496 891 1551 vim
910 1506 938 1553 et
956 1496 1087 1552 iniuriam
1105 1497 1220 1569 quando
1238 1506 1300 1563 etc,
1319 1504 1348 1551 et
1365 1494 1434 1549 dicit

329 1582 404 1651 quod
429 1582 490 1652 ipse
515 1593 591 1638 tenet
616 1583 773 1654 predictam
797 1584 989 1651 medietatem,
1012 1584 1091 1639 cuius
1113 1584 1272 1639 custodiam
1293 1583 1434 1655 predictus

329 1671 473 1724 Walterus
494 1672 573 1740 petit,
586 1681 617 1725 ut
639 1674 685 1743 jus
706 1674 825 1729 ecclesie
847 1690 904 1739 sue,
924 1674 999 1730 vnde
1021 1674 1090 1743 petit
1113 1674 1249 1743 judicium
1271 1673 1295 1727 si
1314 1673 1351 1727 de
1372 1672 1435 1742 jure

328 1758 449 1813 ecclesie
470 1776 521 1813 sue
542 1760 670 1828 predicto
688 1758 840 1831 W[altero]
861 1762 898 1815 ad
920 1762 1006 1816 breue
1027 1760 1103 1816 istud
1126 1762 1161 1815 de
1183 1760 1312 1815 custodia
1333 1760 1435 1815 debeat

330 1846 499 1917 respondere
517 1856 570 1902 etc

383 1935 422 1989 Et
441 1936 582 1990 Walterus
602 1934 671 1990 dicit
691 1936 767 2007 quod
787 1936 930 2007 predictus
952 1938 1078 1993 Thomas
1100 1937 1189 1993 tenuit
1210 1936 1338 2007 predicta
1358 1947 1434 1991 tene·

329 2033 427 2078 menta
450 2024 486 2077 de
510 2040 545 2078 eo
569 2040 619 2095 per
643 2023 794 2079 seruicium
819 2025 948 2091 militare,
972 2034 1001 2081 et
1025 2026 1095 2094 obijt
1120 2025 1241 2093 seysitus
1266 2025 1302 2079 de
1326 2024 1435 2078 eisdem

329 2111 499 2166 tenementis
516 2112 545 2166 in
562 2114 696 2183 homagio
712 2123 740 2166 et
752 2114 872 2169 seruicio
885 2131 944 2169 suo.
983 2115 1020 2169 Et
1033 2116 1088 2169 hoc
1101 2123 1216 2185 paratus
1229 2123 1271 2167 est
1283 2111 1435 2178 verificare,

330 2200 402 2255 sicut
412 2200 490 2254 curia
500 2199 751 2273 consideraverit}
762 2214 790 2257 et
799 2220 835 2257 ea
845 2202 958 2259 racione
967 2203 1094 2273 predicta
1107 2202 1237 2259 custodia
1246 2202 1435 2271 predictorum

330 2299 554 2344 tenementorum
575 2291 613 2345 ad
634 2290 726 2361 ipsum
745 2292 885 2363 pertinere
903 2292 996 2349 debet.
1034 2294 1072 2347 Et
1090 2292 1233 2361 predictus
1253 2292 1332 2347 Prior
1349 2290 1435 2345 nichil

330 2378 399 2432 dicit
415 2378 492 2450 quod
509 2378 545 2431 sit
562 2378 733 2434 contrarium
750 2378 857 2435 racioni
870 2397 921 2435 sue
933 2396 1081 2451 perquam
1095 2380 1154 2452 ipse
1167 2380 1268 2435 asserit
1280 2378 1436 2449 predictam

330 2465 490 2521 custodiam
506 2466 544 2520 ad
559 2466 653 2536 ipsum
668 2468 817 2536 pertinere,
830 2484 895 2523 cum
908 2468 985 2522 racio
999 2466 1103 2522 Priuris
1117 2468 1153 2522 sit
1165 2468 1227 2534 hec,
1241 2468 1347 2522 scilicet
1359 2464 1436 2537 quod

330 2552 458 2623 predicta
474 2562 636 2608 tenementa
653 2570 727 2609 nunc
741 2564 807 2607 sunt
822 2552 869 2623 jus
882 2555 1001 2610 ecclesie
1014 2571 1071 2623 sue,
1084 2566 1113 2610 et
1125 2555 1201 2610 racio
1215 2554 1303 2625 ipsius
1317 2552 1435 2608 Walteri

330 2640 366 2695 sit
390 2640 467 2712 quod
487 2642 631 2712 predictus
652 2641 788 2708 Thomas,
813 2642 859 2696 die
881 2659 936 2713 quo
958 2643 1009 2697 suit
1031 2642 1113 2697 uiuus
1135 2651 1163 2697 et
1188 2652 1324 2708 mortuus,
1346 2640 1436 2695 tenuit

330 2728 457 2800 predicta
475 2739 638 2783 tenementa
656 2729 692 2783 de
710 2746 745 2783 eo
763 2746 815 2799 per
832 2729 981 2783 seruicium
1000 2729 1128 2784 militare.
1168 2730 1289 2783 Possunt
1308 2726 1392 2781 simul
1409 2736 1436 2781 et

330 2818 418 2871 semel
431 2834 494 2871 esse
506 2834 580 2872 uere
613 2817 685 2871 Petit
693 2816 832 2886 judicium
846 2817 881 2871 de
894 2818 956 2887 ipso
971 2817 1066 2871 Priore
1079 2828 1225 2887 tamquam
1235 2816 1271 2870 de
1281 2814 1436 2881 indefenso,

330 2920 395 2958 cum
408 2904 494 2959 nichil
506 2904 680 2959 contrarium
693 2904 786 2960 breuis
798 2916 827 2959 et
840 2906 1014 2960 narracionis
1027 2922 1077 2960 sue
1090 2906 1194 2974 allegat
1206 2915 1258 2960 etc.

384 2994 422 3047 Et
436 2994 516 3047 Prior
527 2992 599 3048 sicut
612 2993 689 3063 prius
700 2993 769 3047 dicit
782 2993 859 3065 quod
871 2994 997 3064 predicta
1010 3002 1172 3049 tenementa
1185 3003 1250 3047 sunt
1258 2992 1305 3062 jus
1319 2991 1438 3047 ecclesie

331 3097 388 3136 sue.
427 3081 505 3135 Dicit
522 3080 613 3135 eciam
630 3081 705 3152 quod
723 3080 865 3150 predictus
882 3082 1017 3148 Thomas,
1034 3097 1119 3151 quem
1138 3081 1280 3150 predictus
1295 3080 1438 3135 Walterus

330 3167 400 3222 dicit
420 3168 546 3239 predicta
565 3177 727 3223 tenementa
745 3170 868 3223 tenuisse
886 3169 921 3224 de
940 3186 974 3223 eo
992 3169 1038 3223 die
1057 3184 1113 3238 quo
1131 3167 1201 3223 obiit
1220 3185 1270 3238 per
1287 3167 1437 3222 seruicium

331 3253 460 3321 militare,
473 3252 524 3308 suit
536 3254 657 3307 villanus
674 3271 749 3321 suus,
762 3265 791 3309 et
803 3264 965 3309 tenementa
977 3254 1025 3309 illa
1038 3254 1074 3309 de
1086 3272 1121 3309 eo
1135 3252 1223 3308 tenuit
1236 3254 1264 3307 in
1278 3252 1437 3323 villanagio,

331 3352 359 3397 et
383 3343 459 3413 quod
483 3343 598 3413 quidam
622 3343 782 3412 Johannes³
807 3344 880 3399 lilius
906 3343 1024 3413 predicti
1049 3343 1160 3397 Thome
1186 3360 1270 3414 quem
1296 3342 1438 3412 predictus

332 3431 474 3486 Walterus
498 3430 567 3486 dicit
591 3448 654 3485 esse
682 3431 816 3485 heredem
843 3430 970 3486 eiusdem
994 3432 1105 3485 Thome
1129 3440 1158 3485 et
1184 3431 1296 3485 racione
1321 3431 1438 3486 minoris

331 3519 458 3574 eiusdem
475 3518 559 3574 etatis
575 3519 731 3589 predictam
749 3520 909 3574 custodiam
926 3519 963 3573 ad
981 3518 1075 3589 ipsum
1094 3518 1242 3588 pertinere,
1259 3528 1302 3573 est
1318 3517 1438 3573 villanus

331 3622 406 3661 suus.
444 3609 482 3662 Et
503 3607 558 3661 hoc
579 3615 695 3675 paratus
719 3615 762 3660 est
783 3605 927 3661 verificare
948 3615 1003 3661 etc.
1025 3603 1112 3659 sicut⁴
1132 3604 1274 3676 predictus
1296 3605 1438 3659 Walterus

331 3694 399 3749 illud
416 3694 567 3749 admittere
579 3693 676 3764 possit
714 3694 798 3748 Vnde
817 3709 882 3748 cum
900 3692 1044 3763 predictus
1062 3693 1189 3748 Thomas
1206 3692 1295 3747 tenuit
1312 3689 1438 3762 predicta

331 3792 493 3837 tenementa
510 3781 546 3834 de
563 3781 642 3835 eoin
655 3780 815 3849 villanagio,
834 3790 862 3835 et
881 3778 1062 3849 villanagium
1075 3779 1152 3850 quod
1163 3780 1284 3833 villanus
1302 3788 1379 3833 tenet
1394 3787 1439 3833 est

329 3869 375 3939 jus
394 3867 501 3923 domini
520 3867 572 3936 sui,
591 3878 619 3921 et
636 3866 677 3921 sic
693 3866 820 3937 predicta
836 3876 1000 3922 tenementa
1017 3875 1082 3920 sunt
1097 3865 1144 3935 jus
1162 3865 1280 3921 ecclesie
1297 3882 1355 3932 sue,
1368 3864 1438 3935 petit

329 3954 466 4025 judicium
484 3956 508 4009 si
520 3954 623 4011 debeat
640 3954 667 4008 ei
684 3955 720 4009 de
737 3954 871 4025 predictis
888 3954 1057 4008 tenementis
1070 3954 1145 4008 vnde
1161 3964 1205 4008 est
1224 3953 1344 4023 seysitus
1356 3963 1386 4008 vt
1403 3954 1439 4006 de

328 4044 392 4114 jure
410 4043 531 4099 ecclesie
549 4059 599 4097 sue
620 4042 659 4097 ad
677 4043 762 4097 breue
780 4058 864 4097 suum
886 4042 923 4097 de
944 4041 1075 4097 custodia
1096 4042 1267 4111 respondere
1291 4058 1341 4112 per
1361 4040 1437 4111 quod

478 4218 488 4251 ¹
504 4221 618 4286 predicta
628 4228 701 4281 terre,
716 4221 774 4271 MS.
810 4220 866 4271 The
878 4219 926 4270 roll
938 4219 1011 4270 reads
1022 4218 1135 4284 predicta
1145 4226 1297 4269 tenementa.

478 4302 490 4334 ²
506 4320 575 4370 pure,
590 4304 647 4355 MS.
1062 4359 1065 4365 Ι

477 4386 488 4419 ²
504 4388 566 4442 This
577 4404 651 4442 name
662 4404 748 4441 occurs
759 4388 785 4439 in
797 4386 840 4441 the
852 4386 907 4439 roll.
1105 4382 1116 4418 ⁴
1132 4384 1242 4445 si...hoc,
1258 4382 1315 4434 MS.
