<?xml version="1.0" encoding="UTF-8"?>
<!DOCTYPE html PUBLIC "-//W3C//DTD XHTML 1.0 Transitional//EN"
    "http://www.w3.org/TR/xhtml1/DTD/xhtml1-transitional.dtd">
<html xmlns="http://www.w3.org/1999/xhtml" xml:lang="en" lang="en">
 <head>
  <title>
</title>
<meta http-equiv="Content-Type" content="text/html;charset=utf-8" />
  <meta name='ocr-system' content='tesseract 3.04.00' />
  <meta name='ocr-capabilities' content='ocr_page ocr_carea ocr_par ocr_line ocrx_word'/>
</head>
<body>
  <div class='ocr_page' id='page_1' title='image "./libermemorandor01clargoog_0154.png"; bbox 0 0 3192 5067; ppageno 0'>
   <div class='ocr_carea' id='block_1_1' title="bbox 328 336 1433 440">
    <p class='ocr_par' dir='ltr' id='par_1_1' title="bbox 328 336 1433 440">
     <span class='ocr_line' id='line_1_1' title="bbox 328 336 1433 440; baseline 0.004 -31"><span class='ocrx_word' id='word_1_1' title='bbox 328 340 376 409; x_wconf 90' lang='lat'><strong>86</strong></span> <span class='ocrx_word' id='word_1_2' title='bbox 628 336 758 410; x_wconf 82' lang='lat' dir='ltr'><strong>Death</strong></span> <span class='ocrx_word' id='word_1_3' title='bbox 783 337 831 435; x_wconf 79' lang='lat' dir='ltr'><strong>of</strong></span> <span class='ocrx_word' id='word_1_4' title='bbox 852 338 1000 413; x_wconf 81' lang='lat' dir='ltr'><strong>Gilbert</strong></span> <span class='ocrx_word' id='word_1_5' title='bbox 1021 339 1139 413; x_wconf 79' lang='lat' dir='ltr'><strong>Peche</strong></span> <span class='ocrx_word' id='word_1_6' title='bbox 1316 339 1433 440; x_wconf 68' lang='lat' dir='ltr'><strong>[Boou</strong></span> 
     </span>
    </p>
   </div>
   <div class='ocr_carea' id='block_1_2' title="bbox 326 517 1434 765">
    <p class='ocr_par' dir='ltr' id='par_1_2' title="bbox 326 517 1434 765">
     <span class='ocr_line' id='line_1_2' title="bbox 326 517 1434 595; baseline 0.002 -20"><span class='ocrx_word' id='word_1_7' title='bbox 326 517 476 575; x_wconf 80' lang='lat' dir='ltr'><strong>occasione</strong></span> <span class='ocrx_word' id='word_1_8' title='bbox 488 518 525 573; x_wconf 91' lang='lat' dir='ltr'><strong>de</strong></span> <span class='ocrx_word' id='word_1_9' title='bbox 536 517 613 573; x_wconf 93' lang='lat' dir='ltr'><strong>dicto</strong></span> <span class='ocrx_word' id='word_1_10' title='bbox 625 518 720 573; x_wconf 85' lang='lat' dir='ltr'>Priore</span> <span class='ocrx_word' id='word_1_11' title='bbox 729 519 838 589; x_wconf 84' lang='lat' dir='ltr'>ceperis</span> <span class='ocrx_word' id='word_1_12' title='bbox 848 520 1004 576; x_wconf 89' lang='lat' dir='ltr'><strong>deliberare</strong></span> <span class='ocrx_word' id='word_1_13' title='bbox 1015 520 1111 577; x_wconf 79' lang='lat' dir='ltr'><strong>facias.</strong></span> <span class='ocrx_word' id='word_1_14' title='bbox 1137 523 1223 579; x_wconf 90' lang='lat' dir='ltr'><strong>Teste</strong></span> <span class='ocrx_word' id='word_1_15' title='bbox 1236 519 1389 595; x_wconf 88' lang='lat' dir='ltr'><strong>J[ohanne]</strong></span> <span class='ocrx_word' id='word_1_16' title='bbox 1398 522 1434 577; x_wconf 89' lang='lat' dir='ltr'><strong>de</strong></span> 
     </span>
     <span class='ocr_line' id='line_1_3' title="bbox 328 607 1434 681; baseline 0.004 -20"><span class='ocrx_word' id='word_1_17' title='bbox 328 607 434 661; x_wconf 87' lang='lat' dir='ltr'><strong>Sancto</strong></span> <span class='ocrx_word' id='word_1_18' title='bbox 444 607 737 663; x_wconf 86' lang='lat' dir='ltr'><strong>Walericoxt111.die</strong></span> <span class='ocrx_word' id='word_1_19' title='bbox 749 608 881 664; x_wconf 85' lang='lat' dir='ltr'><strong>Octobris</strong></span> <span class='ocrx_word' id='word_1_20' title='bbox 892 610 967 679; x_wconf 87' lang='lat' dir='ltr'><strong>apud</strong></span> <span class='ocrx_word' id='word_1_21' title='bbox 977 610 1262 667; x_wconf 82' lang='lat' dir='ltr'><strong>westmonasterium</strong></span> <span class='ocrx_word' id='word_1_22' title='bbox 1272 626 1348 665; x_wconf 87' lang='lat' dir='ltr'><strong>anno</strong></span> <span class='ocrx_word' id='word_1_23' title='bbox 1356 610 1434 681; x_wconf 75' lang='lat' dir='ltr'><strong>regni</strong></span> 
     </span>
     <span class='ocr_line' id='line_1_4' title="bbox 327 695 940 765; baseline 0.005 -17"><span class='ocrx_word' id='word_1_24' title='bbox 327 695 415 749; x_wconf 83' lang='lat' dir='ltr'><strong>nostri</strong></span> <span class='ocrx_word' id='word_1_25' title='bbox 428 695 515 749; x_wconf 90' lang='lat' dir='ltr'><strong>tercio</strong></span> <span class='ocrx_word' id='word_1_26' title='bbox 526 712 577 765; x_wconf 88' lang='lat' dir='ltr'><strong>per</strong></span> <span class='ocrx_word' id='word_1_27' title='bbox 588 695 711 750; x_wconf 87' lang='lat' dir='ltr'><strong>rotulum</strong></span> <span class='ocrx_word' id='word_1_28' title='bbox 723 696 852 751; x_wconf 89' lang='lat' dir='ltr'><strong>eiusdem</strong></span> <span class='ocrx_word' id='word_1_29' title='bbox 865 697 940 751; x_wconf 87' lang='lat' dir='ltr'><strong>anni.</strong></span> 
     </span>
    </p>
   </div>
   <div class='ocr_carea' id='block_1_3' title="bbox 444 852 1318 1025">
    <p class='ocr_par' dir='ltr' id='par_1_3' title="bbox 444 852 1318 1025">
     <span class='ocr_line' id='line_1_5' title="bbox 444 852 1318 921; baseline 0.006 -5"><span class='ocrx_word' id='word_1_30' title='bbox 444 869 493 917; x_wconf 91' lang='lat'><strong>21.</strong></span> <span class='ocrx_word' id='word_1_31' title='bbox 537 852 736 918; x_wconf 81' lang='lat' dir='ltr'><strong>Inrotulacio</strong></span> <span class='ocrx_word' id='word_1_32' title='bbox 756 854 806 917; x_wconf 86' lang='lat' dir='ltr'><strong>ad</strong></span> <span class='ocrx_word' id='word_1_33' title='bbox 826 854 1033 921; x_wconf 71' lang='lat' dir='ltr'><strong>Scaccarriam</strong></span> <span class='ocrx_word' id='word_1_34' title='bbox 1056 869 1132 921; x_wconf 89' lang='lat'>.1111.</span> <span class='ocrx_word' id='word_1_35' title='bbox 1156 855 1318 921; x_wconf 82' lang='lat' dir='ltr'><strong>librarum</strong></span> 
     </span>
     <span class='ocr_line' id='line_1_6' title="bbox 730 958 1034 1025; baseline 0.007 -3"><span class='ocrx_word' id='word_1_36' title='bbox 730 968 763 1022; x_wconf 85' lang='lat' dir='ltr'><strong>et</strong></span> <span class='ocrx_word' id='word_1_37' title='bbox 781 973 826 1025; x_wconf 85' lang='lat' dir='ltr'><strong>.x.</strong></span> <span class='ocrx_word' id='word_1_38' title='bbox 849 958 1034 1025; x_wconf 81' lang='lat' dir='ltr'><strong>solidorum.</strong></span> 
     </span>
    </p>
   </div>
   <div class='ocr_carea' id='block_1_4' title="bbox 164 1104 1434 1609">
    <p class='ocr_par' dir='ltr' id='par_1_4' title="bbox 165 1104 1432 1194">
     <span class='ocr_line' id='line_1_7' title="bbox 165 1104 1432 1194; baseline -0.001 -20"><span class='ocrx_word' id='word_1_39' title='bbox 165 1130 312 1175; x_wconf 63' lang='lat' dir='ltr'><strong>enatarent</strong></span> <span class='ocrx_word' id='word_1_40' title='bbox 395 1104 434 1169; x_wconf 91' lang='lat' dir='ltr'><strong>In</strong></span> <span class='ocrx_word' id='word_1_41' title='bbox 461 1105 570 1170; x_wconf 90' lang='lat' dir='ltr'><strong>rotulo</strong></span> <span class='ocrx_word' id='word_1_42' title='bbox 593 1106 682 1170; x_wconf 88' lang='lat' dir='ltr'><strong>sexti</strong></span> <span class='ocrx_word' id='word_1_43' title='bbox 707 1108 786 1171; x_wconf 88' lang='lat' dir='ltr'><strong>anni</strong></span> <span class='ocrx_word' id='word_1_44' title='bbox 814 1108 916 1191; x_wconf 86' lang='lat' dir='ltr'><strong>Regis</strong></span> <span class='ocrx_word' id='word_1_45' title='bbox 945 1109 1101 1173; x_wconf 89' lang='lat' dir='ltr'><strong>Edwardi</strong></span> <span class='ocrx_word' id='word_1_46' title='bbox 1129 1110 1317 1174; x_wconf 80' lang='lat' dir='ltr'><strong>continetur</strong></span> <span class='ocrx_word' id='word_1_47' title='bbox 1343 1108 1432 1194; x_wconf 91' lang='lat' dir='ltr'><strong>quod</strong></span> 
     </span>
    </p>

    <p class='ocr_par' dir='ltr' id='par_1_5' title="bbox 164 1182 1434 1609">
     <span class='ocr_line' id='line_1_8' title="bbox 164 1182 1433 1279; baseline 0.003 -5"><span class='ocrx_word' id='word_1_48' title='bbox 164 1182 272 1236; x_wconf 56' lang='grc' dir='ltr'><strong>’Μ’</strong></span> <span class='ocrx_word' id='word_1_49' title='bbox 329 1209 490 1275; x_wconf 88' lang='lat' dir='ltr'><strong>Canonici</strong></span> <span class='ocrx_word' id='word_1_50' title='bbox 513 1211 556 1273; x_wconf 91' lang='lat' dir='ltr'><strong>de</strong></span> <span class='ocrx_word' id='word_1_51' title='bbox 579 1210 780 1275; x_wconf 88' lang='lat' dir='ltr'><strong>Bernewelle</strong></span> <span class='ocrx_word' id='word_1_52' title='bbox 807 1212 1030 1278; x_wconf 86' lang='lat' dir='ltr'><strong>debent.1111.</strong></span> <span class='ocrx_word' id='word_1_53' title='bbox 1054 1212 1154 1279; x_wconf 88' lang='lat' dir='ltr'><strong>libras</strong></span> <span class='ocrx_word' id='word_1_54' title='bbox 1177 1229 1220 1279; x_wconf 88' lang='lat' dir='ltr'><strong>.x.</strong></span> <span class='ocrx_word' id='word_1_55' title='bbox 1243 1213 1368 1278; x_wconf 90' lang='lat' dir='ltr'><strong>solidos</strong></span> <span class='ocrx_word' id='word_1_56' title='bbox 1390 1214 1433 1278; x_wconf 89' lang='lat' dir='ltr'><strong>de</strong></span> 
     </span>
     <span class='ocr_line' id='line_1_9' title="bbox 328 1314 1434 1401; baseline 0.005 -25"><span class='ocrx_word' id='word_1_57' title='bbox 328 1314 514 1378; x_wconf 83' lang='lat' dir='ltr'><strong>remanenti</strong></span> <span class='ocrx_word' id='word_1_58' title='bbox 538 1314 632 1378; x_wconf 86' lang='lat' dir='ltr'><strong>firme</strong></span> <span class='ocrx_word' id='word_1_59' title='bbox 657 1316 701 1379; x_wconf 88' lang='lat' dir='ltr'><strong>de</strong></span> <span class='ocrx_word' id='word_1_60' title='bbox 726 1314 924 1381; x_wconf 89' lang='lat' dir='ltr'><strong>Cestertone</strong></span> <span class='ocrx_word' id='word_1_61' title='bbox 947 1316 990 1381; x_wconf 92' lang='lat' dir='ltr'><strong>de</strong></span> <span class='ocrx_word' id='word_1_62' title='bbox 1015 1319 1135 1401; x_wconf 89' lang='lat' dir='ltr'><strong>quibus</strong></span> <span class='ocrx_word' id='word_1_63' title='bbox 1161 1318 1313 1401; x_wconf 85' lang='lat' dir='ltr'><strong>Rogerus</strong></span> <span class='ocrx_word' id='word_1_64' title='bbox 1333 1318 1434 1383; x_wconf 90' lang='lat' dir='ltr'><strong>debet</strong></span> 
     </span>
     <span class='ocr_line' id='line_1_10' title="bbox 329 1416 1432 1503; baseline 0.005 -24"><span class='ocrx_word' id='word_1_65' title='bbox 329 1416 447 1501; x_wconf 89' lang='lat' dir='ltr'><strong>ip[s]os</strong></span> <span class='ocrx_word' id='word_1_66' title='bbox 474 1418 663 1501; x_wconf 87' lang='lat' dir='ltr'><strong>acquietare</strong></span> <span class='ocrx_word' id='word_1_67' title='bbox 685 1420 770 1482; x_wconf 88' lang='lat' dir='ltr'><strong>sicut</strong></span> <span class='ocrx_word' id='word_1_68' title='bbox 796 1420 999 1503; x_wconf 86' lang='lat' dir='ltr'><strong>recognouit,</strong></span> <span class='ocrx_word' id='word_1_69' title='bbox 1020 1430 1054 1485; x_wconf 89' lang='lat' dir='ltr'><strong>et</strong></span> <span class='ocrx_word' id='word_1_70' title='bbox 1075 1423 1160 1485; x_wconf 90' lang='lat' dir='ltr'><strong>sicut</strong></span> <span class='ocrx_word' id='word_1_71' title='bbox 1184 1424 1373 1485; x_wconf 89' lang='lat' dir='ltr'><strong>continetur</strong></span> <span class='ocrx_word' id='word_1_72' title='bbox 1399 1422 1432 1485; x_wconf 89' lang='lat' dir='ltr'><strong>in</strong></span> 
     </span>
     <span class='ocr_line' id='line_1_11' title="bbox 329 1520 1277 1609; baseline 0.003 -24"><span class='ocrx_word' id='word_1_73' title='bbox 329 1520 582 1605; x_wconf 59' lang='lat' dir='ltr'><strong>memoqandis]</strong></span> <span class='ocrx_word' id='word_1_74' title='bbox 598 1523 675 1585; x_wconf 90' lang='lat' dir='ltr'><strong>anni</strong></span> <span class='ocrx_word' id='word_1_75' title='bbox 691 1521 801 1604; x_wconf 88' lang='lat' dir='ltr'><strong>quarti</strong></span> <span class='ocrx_word' id='word_1_76' title='bbox 815 1544 822 1600; x_wconf 90' lang='lat'>;</span> <span class='ocrx_word' id='word_1_77' title='bbox 845 1533 879 1587; x_wconf 89' lang='lat' dir='ltr'><strong>et</strong></span> <span class='ocrx_word' id='word_1_78' title='bbox 894 1534 973 1588; x_wconf 91' lang='lat' dir='ltr'><strong>sunt</strong></span> <span class='ocrx_word' id='word_1_79' title='bbox 988 1524 1149 1589; x_wconf 90' lang='lat' dir='ltr'><strong>Canonici</strong></span> <span class='ocrx_word' id='word_1_80' title='bbox 1164 1525 1277 1609; x_wconf 89' lang='lat' dir='ltr'><strong>quieti.</strong></span> 
     </span>
    </p>
   </div>
   <div class='ocr_carea' id='block_1_5' title="bbox 352 1710 1411 1794">
    <p class='ocr_par' dir='ltr' id='par_1_6' title="bbox 352 1710 1411 1794">
     <span class='ocr_line' id='line_1_12' title="bbox 352 1710 1411 1794; baseline 0.002 -22"><span class='ocrx_word' id='word_1_81' title='bbox 352 1726 402 1775; x_wconf 89' lang='lat'><strong>22.</strong></span> <span class='ocrx_word' id='word_1_82' title='bbox 446 1710 498 1774; x_wconf 81' lang='lat' dir='ltr'><strong>De</strong></span> <span class='ocrx_word' id='word_1_83' title='bbox 509 1710 618 1794; x_wconf 85' lang='lat' dir='ltr'><strong>firma</strong></span> <span class='ocrx_word' id='word_1_84' title='bbox 639 1710 679 1775; x_wconf 78' lang='lat' dir='ltr'><strong>de</strong></span> <span class='ocrx_word' id='word_1_85' title='bbox 702 1710 880 1777; x_wconf 78' lang='lat' dir='ltr'><strong>Cestertom</strong></span> <span class='ocrx_word' id='word_1_86' title='bbox 900 1733 1040 1777; x_wconf 79' lang='lat' dir='ltr'><strong>concessa</strong></span> <span class='ocrx_word' id='word_1_87' title='bbox 1062 1711 1204 1777; x_wconf 85' lang='lat' dir='ltr'><strong>Domino</strong></span> <span class='ocrx_word' id='word_1_88' title='bbox 1229 1711 1267 1777; x_wconf 90' lang='lat' dir='ltr'><strong>G.</strong></span> <span class='ocrx_word' id='word_1_89' title='bbox 1289 1712 1411 1775; x_wconf 79' lang='lat' dir='ltr'><strong>Pecche.</strong></span> 
     </span>
    </p>
   </div>
   <div class='ocr_carea' id='block_1_6' title="bbox 166 1854 1434 1948">
    <p class='ocr_par' dir='ltr' id='par_1_7' title="bbox 166 1854 1434 1948">
     <span class='ocr_line' id='line_1_13' title="bbox 166 1854 1434 1948; baseline -0.005 -24"><span class='ocrx_word' id='word_1_90' title='bbox 166 1854 310 1948; x_wconf 57' lang='lat' dir='ltr'><strong>{ffl‘dfflf</strong></span> <span class='ocrx_word' id='word_1_91' title='bbox 382 1863 556 1918; x_wconf 87' lang='lat' dir='ltr'><strong>Eadwardus</strong></span> <span class='ocrx_word' id='word_1_92' title='bbox 579 1862 626 1919; x_wconf 91' lang='lat' dir='ltr'><strong>dei</strong></span> <span class='ocrx_word' id='word_1_93' title='bbox 649 1863 746 1934; x_wconf 82' lang='lat' dir='ltr'><strong>gracia</strong></span> <span class='ocrx_word' id='word_1_94' title='bbox 768 1866 829 1919; x_wconf 89' lang='lat' dir='ltr'><strong>Rex</strong></span> <span class='ocrx_word' id='word_1_95' title='bbox 851 1864 959 1935; x_wconf 88' lang='lat' dir='ltr'><strong>Anglie‚</strong></span> <span class='ocrx_word' id='word_1_96' title='bbox 981 1864 1121 1920; x_wconf 88' lang='lat' dir='ltr'><strong>Dominus</strong></span> <span class='ocrx_word' id='word_1_97' title='bbox 1145 1864 1297 1935; x_wconf 86' lang='lat' dir='ltr'><strong>Hybernie,</strong></span> <span class='ocrx_word' id='word_1_98' title='bbox 1317 1874 1346 1919; x_wconf 92' lang='lat' dir='ltr'><strong>et</strong></span> <span class='ocrx_word' id='word_1_99' title='bbox 1368 1866 1434 1919; x_wconf 90' lang='lat' dir='ltr'><strong>Dux</strong></span> 
     </span>
    </p>
   </div>
   <div class='ocr_carea' id='block_1_7' title="bbox 164 1952 1433 2050">
    <p class='ocr_par' dir='ltr' id='par_1_8' title="bbox 164 1952 1433 2050">
     <span class='ocr_line' id='line_1_14' title="bbox 164 1952 1433 2050; baseline 0.002 -45"><span class='ocrx_word' id='word_1_100' title='bbox 164 1956 315 2050; x_wconf 43' lang='lat' dir='ltr'><strong>ffigeedm</strong></span> <span class='ocrx_word' id='word_1_101' title='bbox 327 1952 525 2023; x_wconf 83' lang='lat' dir='ltr'><strong>Acquitannie‚</strong></span> <span class='ocrx_word' id='word_1_102' title='bbox 539 1952 641 2007; x_wconf 90' lang='lat' dir='ltr'><strong>dilecto</strong></span> <span class='ocrx_word' id='word_1_103' title='bbox 653 1962 681 2007; x_wconf 91' lang='lat' dir='ltr'><strong>et</strong></span> <span class='ocrx_word' id='word_1_104' title='bbox 693 1952 769 2008; x_wconf 86' lang='lat' dir='ltr'><strong>fideli</strong></span> <span class='ocrx_word' id='word_1_105' title='bbox 787 1970 839 2008; x_wconf 93' lang='lat' dir='ltr'><strong>suo</strong></span> <span class='ocrx_word' id='word_1_106' title='bbox 857 1954 944 2009; x_wconf 86' lang='lat' dir='ltr'><strong>Priori</strong></span> <span class='ocrx_word' id='word_1_107' title='bbox 960 1954 996 2009; x_wconf 89' lang='lat' dir='ltr'><strong>de</strong></span> <span class='ocrx_word' id='word_1_108' title='bbox 1013 1955 1184 2009; x_wconf 84' lang='lat' dir='ltr'><strong>Bernewelle</strong></span> <span class='ocrx_word' id='word_1_109' title='bbox 1196 1956 1323 2009; x_wconf 88' lang='lat' dir='ltr'><strong>salutem.</strong></span> <span class='ocrx_word' id='word_1_110' title='bbox 1362 1956 1433 2009; x_wconf 90' lang='lat' dir='ltr'><strong>Cum</strong></span> 
     </span>
    </p>
   </div>
   <div class='ocr_carea' id='block_1_8' title="bbox 164 2039 1433 2099">
    <p class='ocr_par' dir='ltr' id='par_1_9' title="bbox 164 2039 1433 2099">
     <span class='ocr_line' id='line_1_15' title="bbox 164 2039 1433 2099; baseline -0.001 -1"><span class='ocrx_word' id='word_1_111' title='bbox 164 2055 296 2099; x_wconf 77' lang='lat' dir='ltr'><strong>rootttert</strong></span> <span class='ocrx_word' id='word_1_112' title='bbox 328 2039 489 2096; x_wconf 85' lang='lat' dir='ltr'><strong>dederimus</strong></span> <span class='ocrx_word' id='word_1_113' title='bbox 508 2049 536 2095; x_wconf 93' lang='lat' dir='ltr'><strong>et</strong></span> <span class='ocrx_word' id='word_1_114' title='bbox 554 2042 777 2096; x_wconf 88' lang='lat' dir='ltr'><strong>concesserimus</strong></span> <span class='ocrx_word' id='word_1_115' title='bbox 797 2041 901 2097; x_wconf 90' lang='lat' dir='ltr'><strong>dilecto</strong></span> <span class='ocrx_word' id='word_1_116' title='bbox 923 2052 951 2098; x_wconf 90' lang='lat' dir='ltr'><strong>et</strong></span> <span class='ocrx_word' id='word_1_117' title='bbox 972 2042 1047 2098; x_wconf 85' lang='lat' dir='ltr'><strong>fideli</strong></span> <span class='ocrx_word' id='word_1_118' title='bbox 1066 2053 1164 2097; x_wconf 88' lang='lat' dir='ltr'><strong>nostro</strong></span> <span class='ocrx_word' id='word_1_119' title='bbox 1189 2043 1315 2099; x_wconf 87' lang='lat' dir='ltr'><strong>Gilberto</strong></span> <span class='ocrx_word' id='word_1_120' title='bbox 1341 2042 1433 2098; x_wconf 83' lang='lat' dir='ltr'><strong>Pe&#39;che</strong></span> 
     </span>
    </p>
   </div>
   <div class='ocr_carea' id='block_1_9' title="bbox 166 2105 1434 2202">
    <p class='ocr_par' dir='ltr' id='par_1_10' title="bbox 166 2105 1434 2202">
     <span class='ocr_line' id='line_1_16' title="bbox 166 2105 1434 2202; baseline 0.002 -20"><span class='ocrx_word' id='word_1_121' title='bbox 166 2105 302 2199; x_wconf 53' lang='lat' dir='ltr'>fflffnfffi</span> <span class='ocrx_word' id='word_1_122' title='bbox 328 2128 439 2183; x_wconf 74' lang='lat' dir='ltr'><strong>finitam</strong></span> <span class='ocrx_word' id='word_1_123' title='bbox 450 2138 578 2183; x_wconf 87' lang='lat' dir='ltr'><strong>nostram</strong></span> <span class='ocrx_word' id='word_1_124' title='bbox 589 2128 655 2183; x_wconf 90' lang='lat' dir='ltr'><strong>ville</strong></span> <span class='ocrx_word' id='word_1_125' title='bbox 667 2140 762 2184; x_wconf 90' lang='lat' dir='ltr'><strong>nostre</strong></span> <span class='ocrx_word' id='word_1_126' title='bbox 775 2130 811 2184; x_wconf 87' lang='lat' dir='ltr'><strong>de</strong></span> <span class='ocrx_word' id='word_1_127' title='bbox 825 2130 998 2197; x_wconf 88' lang='lat' dir='ltr'><strong>Cestertone,</strong></span> <span class='ocrx_word' id='word_1_128' title='bbox 1012 2147 1099 2202; x_wconf 84' lang='lat' dir='ltr'><strong>usque</strong></span> <span class='ocrx_word' id='word_1_129' title='bbox 1112 2131 1148 2185; x_wconf 92' lang='lat' dir='ltr'><strong>ad</strong></span> <span class='ocrx_word' id='word_1_130' title='bbox 1162 2148 1303 2186; x_wconf 88' lang='lat' dir='ltr'><strong>summam</strong></span> <span class='ocrx_word' id='word_1_131' title='bbox 1319 2129 1434 2198; x_wconf 79' lang='lat' dir='ltr'><strong>triginta</strong></span> 
     </span>
    </p>
   </div>
   <div class='ocr_carea' id='block_1_10' title="bbox 164 2212 1432 2308">
    <p class='ocr_par' dir='ltr' id='par_1_11' title="bbox 164 2212 1432 2308">
     <span class='ocr_line' id='line_1_17' title="bbox 164 2212 1432 2308; baseline 0.005 -43"><span class='ocrx_word' id='word_1_132' title='bbox 164 2212 285 2308; x_wconf 46' lang='lat' dir='ltr'><strong>{Qut</strong></span> <span class='ocrx_word' id='word_1_133' title='bbox 327 2216 410 2270; x_wconf 90' lang='lat' dir='ltr'><strong>unius</strong></span> <span class='ocrx_word' id='word_1_134' title='bbox 433 2215 577 2283; x_wconf 87' lang='lat' dir='ltr'><strong>librarum,</strong></span> <span class='ocrx_word' id='word_1_135' title='bbox 597 2216 758 2272; x_wconf 85' lang='lat' dir='ltr'><strong>habendam</strong></span> <span class='ocrx_word' id='word_1_136' title='bbox 783 2226 812 2271; x_wconf 91' lang='lat' dir='ltr'><strong>et</strong></span> <span class='ocrx_word' id='word_1_137' title='bbox 835 2219 987 2272; x_wconf 89' lang='lat' dir='ltr'><strong>tenendam</strong></span> <span class='ocrx_word' id='word_1_138' title='bbox 1012 2218 1105 2274; x_wconf 90' lang='lat' dir='ltr'><strong>eidem</strong></span> <span class='ocrx_word' id='word_1_139' title='bbox 1128 2218 1256 2274; x_wconf 89' lang='lat' dir='ltr'><strong>Gilberto</strong></span> <span class='ocrx_word' id='word_1_140' title='bbox 1281 2218 1317 2272; x_wconf 90' lang='lat' dir='ltr'><strong>ad</strong></span> <span class='ocrx_word' id='word_1_141' title='bbox 1342 2227 1432 2272; x_wconf 90' lang='lat' dir='ltr'><strong>totam</strong></span> 
     </span>
    </p>
   </div>
   <div class='ocr_carea' id='block_1_11' title="bbox 164 2301 1431 2376">
    <p class='ocr_par' dir='ltr' id='par_1_12' title="bbox 164 2301 1431 2376">
     <span class='ocr_line' id='line_1_18' title="bbox 164 2301 1431 2376; baseline -0.002 -17"><span class='ocrx_word' id='word_1_142' title='bbox 164 2319 191 2359; x_wconf 61' lang='grc' dir='ltr'><strong><em>υ</em></strong></span> <span class='ocrx_word' id='word_1_143' title='bbox 236 2312 255 2349; x_wconf 89' lang='lat' dir='ltr'><strong>t.</strong></span> <span class='ocrx_word' id='word_1_144' title='bbox 328 2301 416 2357; x_wconf 88' lang='lat' dir='ltr'><strong>vitam</strong></span> <span class='ocrx_word' id='word_1_145' title='bbox 428 2320 510 2358; x_wconf 86' lang='lat' dir='ltr'><strong>suam</strong></span> <span class='ocrx_word' id='word_1_146' title='bbox 522 2320 587 2358; x_wconf 88' lang='lat' dir='ltr'><strong>cum</strong></span> <span class='ocrx_word' id='word_1_147' title='bbox 599 2304 731 2359; x_wconf 88' lang='lat' dir='ltr'><strong>omnibus</strong></span> <span class='ocrx_word' id='word_1_148' title='bbox 748 2304 785 2359; x_wconf 89' lang='lat' dir='ltr'><strong>ad</strong></span> <span class='ocrx_word' id='word_1_149' title='bbox 803 2304 918 2360; x_wconf 89' lang='lat' dir='ltr'><strong>casdem</strong></span> <span class='ocrx_word' id='word_1_150' title='bbox 938 2305 1049 2359; x_wconf 87' lang='lat' dir='ltr'><strong>firmam</strong></span> <span class='ocrx_word' id='word_1_151' title='bbox 1067 2316 1094 2360; x_wconf 91' lang='lat' dir='ltr'><strong>et</strong></span> <span class='ocrx_word' id='word_1_152' title='bbox 1107 2306 1201 2360; x_wconf 88' lang='lat' dir='ltr'><strong>villam</strong></span> <span class='ocrx_word' id='word_1_153' title='bbox 1220 2304 1431 2376; x_wconf 86' lang='lat' dir='ltr'><strong>pertinentibus,</strong></span> 
     </span>
    </p>
   </div>
   <div class='ocr_carea' id='block_1_12' title="bbox 218 2392 1432 3341">
    <p class='ocr_par' dir='ltr' id='par_1_13' title="bbox 327 2392 1432 2640">
     <span class='ocr_line' id='line_1_19' title="bbox 328 2392 1432 2463; baseline 0.002 -18"><span class='ocrx_word' id='word_1_154' title='bbox 328 2402 409 2462; x_wconf 90' lang='lat' dir='ltr'><strong>prout</strong></span> <span class='ocrx_word' id='word_1_155' title='bbox 432 2392 461 2446; x_wconf 90' lang='lat' dir='ltr'><strong>in</strong></span> <span class='ocrx_word' id='word_1_156' title='bbox 486 2402 565 2447; x_wconf 87' lang='lat' dir='ltr'><strong>carta</strong></span> <span class='ocrx_word' id='word_1_157' title='bbox 588 2402 687 2447; x_wconf 89' lang='lat' dir='ltr'><strong>nostra</strong></span> <span class='ocrx_word' id='word_1_158' title='bbox 710 2393 735 2446; x_wconf 89' lang='lat' dir='ltr'><strong>ei</strong></span> <span class='ocrx_word' id='word_1_159' title='bbox 756 2393 823 2447; x_wconf 92' lang='lat' dir='ltr'><strong>inde</strong></span> <span class='ocrx_word' id='word_1_160' title='bbox 848 2392 976 2447; x_wconf 84' lang='lat' dir='ltr'><strong>conlecta</strong></span> <span class='ocrx_word' id='word_1_161' title='bbox 1001 2393 1109 2463; x_wconf 89' lang='lat' dir='ltr'><strong>plenius</strong></span> <span class='ocrx_word' id='word_1_162' title='bbox 1134 2394 1311 2449; x_wconf 89' lang='lat' dir='ltr'><strong>continetur:</strong></span> <span class='ocrx_word' id='word_1_163' title='bbox 1343 2392 1432 2449; x_wconf 91' lang='lat' dir='ltr'><strong>Vobis</strong></span> 
     </span>
     <span class='ocr_line' id='line_1_20' title="bbox 327 2478 1432 2553; baseline 0 -20"><span class='ocrx_word' id='word_1_164' title='bbox 327 2480 498 2535; x_wconf 89' lang='lat' dir='ltr'><strong>mandamus</strong></span> <span class='ocrx_word' id='word_1_165' title='bbox 510 2481 588 2552; x_wconf 92' lang='lat' dir='ltr'><strong>quod</strong></span> <span class='ocrx_word' id='word_1_166' title='bbox 599 2480 692 2537; x_wconf 89' lang='lat' dir='ltr'><strong>eidem</strong></span> <span class='ocrx_word' id='word_1_167' title='bbox 706 2478 858 2553; x_wconf 85' lang='lat' dir='ltr'><strong>G[ilberto]</strong></span> <span class='ocrx_word' id='word_1_168' title='bbox 871 2491 1006 2553; x_wconf 84' lang='lat' dir='ltr'><strong>tanquam</strong></span> <span class='ocrx_word' id='word_1_169' title='bbox 1023 2482 1139 2537; x_wconf 89' lang='lat' dir='ltr'><strong>domino</strong></span> <span class='ocrx_word' id='word_1_170' title='bbox 1151 2492 1246 2537; x_wconf 89' lang='lat' dir='ltr'><strong>uestro</strong></span> <span class='ocrx_word' id='word_1_171' title='bbox 1259 2482 1287 2536; x_wconf 92' lang='lat' dir='ltr'><strong>in</strong></span> <span class='ocrx_word' id='word_1_172' title='bbox 1300 2482 1432 2537; x_wconf 88' lang='lat' dir='ltr'><strong>omnibus</strong></span> 
     </span>
     <span class='ocr_line' id='line_1_21' title="bbox 327 2568 1432 2640; baseline -0.001 -17"><span class='ocrx_word' id='word_1_173' title='bbox 327 2585 383 2640; x_wconf 89' lang='lat' dir='ltr'><strong>que</strong></span> <span class='ocrx_word' id='word_1_174' title='bbox 406 2568 445 2623; x_wconf 91' lang='lat' dir='ltr'><strong>ad</strong></span> <span class='ocrx_word' id='word_1_175' title='bbox 468 2568 610 2639; x_wconf 84' lang='lat' dir='ltr'><strong>predictas</strong></span> <span class='ocrx_word' id='word_1_176' title='bbox 635 2568 732 2623; x_wconf 87' lang='lat' dir='ltr'><strong>villam</strong></span> <span class='ocrx_word' id='word_1_177' title='bbox 756 2579 785 2624; x_wconf 89' lang='lat' dir='ltr'><strong>et</strong></span> <span class='ocrx_word' id='word_1_178' title='bbox 809 2568 920 2623; x_wconf 84' lang='lat' dir='ltr'><strong>firmam</strong></span> <span class='ocrx_word' id='word_1_179' title='bbox 944 2569 1084 2639; x_wconf 87' lang='lat' dir='ltr'><strong>pertinent</strong></span> <span class='ocrx_word' id='word_1_180' title='bbox 1111 2570 1290 2625; x_wconf 89' lang='lat' dir='ltr'><strong>intendentes</strong></span> <span class='ocrx_word' id='word_1_181' title='bbox 1319 2569 1380 2623; x_wconf 87' lang='lat' dir='ltr'><strong>sitis</strong></span> <span class='ocrx_word' id='word_1_182' title='bbox 1405 2577 1432 2623; x_wconf 90' lang='lat' dir='ltr'><strong>et</strong></span> 
     </span>
    </p>

    <p class='ocr_par' dir='ltr' id='par_1_14' title="bbox 218 2652 1432 3341">
     <span class='ocr_line' id='line_1_22' title="bbox 218 2652 1432 2727; baseline 0.001 -17"><span class='ocrx_word' id='word_1_183' title='bbox 218 2652 236 2703; x_wconf 82' lang='lat' dir='ltr'><strong>f·</strong></span> <span class='ocrx_word' id='word_1_184' title='bbox 254 2652 314 2717; x_wconf 73' lang='lat' dir='ltr'><strong>soh</strong></span> <span class='ocrx_word' id='word_1_185' title='bbox 327 2656 530 2727; x_wconf 87' lang='lat' dir='ltr'><strong>respondentes</strong></span> <span class='ocrx_word' id='word_1_186' title='bbox 546 2666 577 2712; x_wconf 91' lang='lat' dir='ltr'><strong>ut</strong></span> <span class='ocrx_word' id='word_1_187' title='bbox 593 2657 751 2727; x_wconf 90' lang='lat' dir='ltr'><strong>predictum</strong></span> <span class='ocrx_word' id='word_1_188' title='bbox 767 2667 818 2712; x_wconf 89' lang='lat' dir='ltr'><strong>est.</strong></span> <span class='ocrx_word' id='word_1_189' title='bbox 857 2659 894 2711; x_wconf 93' lang='lat' dir='ltr'><strong>Et</strong></span> <span class='ocrx_word' id='word_1_190' title='bbox 911 2658 1003 2712; x_wconf 89' lang='lat' dir='ltr'><strong>eidem</strong></span> <span class='ocrx_word' id='word_1_191' title='bbox 1020 2657 1174 2727; x_wconf 88' lang='lat' dir='ltr'><strong>predictam</strong></span> <span class='ocrx_word' id='word_1_192' title='bbox 1192 2659 1303 2713; x_wconf 86' lang='lat' dir='ltr'><strong>firmam</strong></span> <span class='ocrx_word' id='word_1_193' title='bbox 1315 2656 1432 2713; x_wconf 84' lang='lat' dir='ltr'><strong>soluatis</strong></span> 
     </span>
     <span class='ocr_line' id='line_1_23' title="bbox 326 2743 1431 2816; baseline -0.001 -18"><span class='ocrx_word' id='word_1_194' title='bbox 326 2744 365 2798; x_wconf 86' lang='lat' dir='ltr'><strong>ad</strong></span> <span class='ocrx_word' id='word_1_195' title='bbox 377 2744 491 2799; x_wconf 87' lang='lat' dir='ltr'><strong>eosdem</strong></span> <span class='ocrx_word' id='word_1_196' title='bbox 505 2743 640 2799; x_wconf 90' lang='lat' dir='ltr'><strong>terminos</strong></span> <span class='ocrx_word' id='word_1_197' title='bbox 656 2744 693 2799; x_wconf 89' lang='lat' dir='ltr'><strong>ad</strong></span> <span class='ocrx_word' id='word_1_198' title='bbox 709 2762 780 2816; x_wconf 90' lang='lat' dir='ltr'><strong>quos</strong></span> <span class='ocrx_word' id='word_1_199' title='bbox 795 2761 859 2799; x_wconf 90' lang='lat' dir='ltr'><strong>eam</strong></span> <span class='ocrx_word' id='word_1_200' title='bbox 876 2746 984 2800; x_wconf 87' lang='lat' dir='ltr'><strong>soluere</strong></span> <span class='ocrx_word' id='word_1_201' title='bbox 1000 2745 1186 2800; x_wconf 87' lang='lat' dir='ltr'><strong>consueuistis</strong></span> <span class='ocrx_word' id='word_1_202' title='bbox 1204 2746 1240 2799; x_wconf 93' lang='lat' dir='ltr'><strong>ad</strong></span> <span class='ocrx_word' id='word_1_203' title='bbox 1258 2744 1431 2801; x_wconf 86' lang='lat' dir='ltr'><strong>scaccarium</strong></span> 
     </span>
     <span class='ocr_line' id='line_1_24' title="bbox 327 2831 1430 2903; baseline -0.002 -16"><span class='ocrx_word' id='word_1_204' title='bbox 327 2841 462 2887; x_wconf 88' lang='lat' dir='ltr'><strong>nostrum.</strong></span> <span class='ocrx_word' id='word_1_205' title='bbox 499 2833 559 2887; x_wconf 87' lang='lat' dir='ltr'><strong>Vos</strong></span> <span class='ocrx_word' id='word_1_206' title='bbox 576 2831 652 2887; x_wconf 90' lang='lat' dir='ltr'><strong>enim</strong></span> <span class='ocrx_word' id='word_1_207' title='bbox 666 2834 701 2887; x_wconf 93' lang='lat' dir='ltr'><strong>de</strong></span> <span class='ocrx_word' id='word_1_208' title='bbox 714 2832 841 2903; x_wconf 88' lang='lat' dir='ltr'><strong>predicta</strong></span> <span class='ocrx_word' id='word_1_209' title='bbox 854 2833 943 2901; x_wconf 78' lang='lat' dir='ltr'><strong>lirina,</strong></span> <span class='ocrx_word' id='word_1_210' title='bbox 956 2849 1007 2903; x_wconf 90' lang='lat' dir='ltr'><strong>pro</strong></span> <span class='ocrx_word' id='word_1_211' title='bbox 1020 2833 1102 2888; x_wconf 89' lang='lat' dir='ltr'><strong>nobis</strong></span> <span class='ocrx_word' id='word_1_212' title='bbox 1114 2844 1142 2888; x_wconf 91' lang='lat' dir='ltr'><strong>et</strong></span> <span class='ocrx_word' id='word_1_213' title='bbox 1154 2832 1304 2888; x_wconf 89' lang='lat' dir='ltr'><strong>heredibus</strong></span> <span class='ocrx_word' id='word_1_214' title='bbox 1318 2833 1430 2898; x_wconf 88' lang='lat' dir='ltr'><strong>nostris,</strong></span> 
     </span>
     <span class='ocr_line' id='line_1_25' title="bbox 326 2918 1432 2991; baseline 0 -18"><span class='ocrx_word' id='word_1_215' title='bbox 326 2920 356 2973; x_wconf 90' lang='lat' dir='ltr'><strong>in</strong></span> <span class='ocrx_word' id='word_1_216' title='bbox 367 2930 428 2975; x_wconf 89' lang='lat' dir='ltr'><strong>tota</strong></span> <span class='ocrx_word' id='word_1_217' title='bbox 439 2919 498 2975; x_wconf 88' lang='lat' dir='ltr'><strong>vita</strong></span> <span class='ocrx_word' id='word_1_218' title='bbox 514 2920 632 2991; x_wconf 87' lang='lat' dir='ltr'><strong>predicti</strong></span> <span class='ocrx_word' id='word_1_219' title='bbox 650 2920 769 2975; x_wconf 89' lang='lat' dir='ltr'><strong>Gilberti</strong></span> <span class='ocrx_word' id='word_1_220' title='bbox 786 2920 980 2991; x_wconf 89' lang='lat' dir='ltr'><strong>acquietamus</strong></span> <span class='ocrx_word' id='word_1_221' title='bbox 997 2938 1046 2990; x_wconf 89' lang='lat' dir='ltr'><strong>per</strong></span> <span class='ocrx_word' id='word_1_222' title='bbox 1062 2931 1216 2991; x_wconf 88' lang='lat' dir='ltr'><strong>presentes.</strong></span> <span class='ocrx_word' id='word_1_223' title='bbox 1255 2922 1288 2975; x_wconf 91' lang='lat' dir='ltr'><strong>In</strong></span> <span class='ocrx_word' id='word_1_224' title='bbox 1301 2918 1380 2975; x_wconf 87' lang='lat' dir='ltr'><strong>cuius</strong></span> <span class='ocrx_word' id='word_1_225' title='bbox 1392 2919 1432 2973; x_wconf 91' lang='lat' dir='ltr'><strong>rei</strong></span> 
     </span>
     <span class='ocr_line' id='line_1_26' title="bbox 326 3006 1432 3078; baseline 0 -18"><span class='ocrx_word' id='word_1_226' title='bbox 326 3006 520 3062; x_wconf 88' lang='lat' dir='ltr'><strong>testimonium</strong></span> <span class='ocrx_word' id='word_1_227' title='bbox 539 3008 591 3061; x_wconf 89' lang='lat' dir='ltr'><strong>has</strong></span> <span class='ocrx_word' id='word_1_228' title='bbox 611 3008 718 3062; x_wconf 86' lang='lat' dir='ltr'><strong>litteras</strong></span> <span class='ocrx_word' id='word_1_229' title='bbox 738 3017 850 3061; x_wconf 84' lang='lat' dir='ltr'><strong>nostras</strong></span> <span class='ocrx_word' id='word_1_230' title='bbox 870 3007 936 3060; x_wconf 85' lang='lat' dir='ltr'><strong>inde</strong></span> <span class='ocrx_word' id='word_1_231' title='bbox 956 3006 1015 3061; x_wconf 84' lang='lat' dir='ltr'><strong>lieri</strong></span> <span class='ocrx_word' id='word_1_232' title='bbox 1035 3006 1152 3061; x_wconf 79' lang='lat' dir='ltr'><strong>fecimus</strong></span> <span class='ocrx_word' id='word_1_233' title='bbox 1171 3017 1309 3078; x_wconf 88' lang='lat' dir='ltr'><strong>patentes.</strong></span> <span class='ocrx_word' id='word_1_234' title='bbox 1346 3008 1432 3061; x_wconf 91' lang='lat' dir='ltr'><strong>Teste</strong></span> 
     </span>
     <span class='ocr_line' id='line_1_27' title="bbox 326 3096 1430 3167; baseline -0.001 -18"><span class='ocrx_word' id='word_1_235' title='bbox 326 3096 456 3166; x_wconf 89' lang='lat' dir='ltr'><strong>Johanne</strong></span> <span class='ocrx_word' id='word_1_236' title='bbox 468 3096 504 3150; x_wconf 92' lang='lat' dir='ltr'><strong>de</strong></span> <span class='ocrx_word' id='word_1_237' title='bbox 519 3096 653 3165; x_wconf 84' lang='lat' dir='ltr'><strong>Kyrkeby</strong></span> <span class='ocrx_word' id='word_1_238' title='bbox 663 3096 852 3151; x_wconf 85' lang='lat' dir='ltr'><strong>Thesaurario</strong></span> <span class='ocrx_word' id='word_1_239' title='bbox 861 3106 958 3149; x_wconf 87' lang='lat' dir='ltr'><strong>nostro</strong></span> <span class='ocrx_word' id='word_1_240' title='bbox 968 3096 1044 3167; x_wconf 90' lang='lat' dir='ltr'><strong>apud</strong></span> <span class='ocrx_word' id='word_1_241' title='bbox 1056 3096 1430 3151; x_wconf 59' lang='lat' dir='ltr'><strong>westmonasteriumxxx.</strong></span> 
     </span>
     <span class='ocr_line' id='line_1_28' title="bbox 328 3182 1432 3252; baseline 0.001 -16"><span class='ocrx_word' id='word_1_242' title='bbox 328 3182 373 3237; x_wconf 90' lang='lat' dir='ltr'><strong>die</strong></span> <span class='ocrx_word' id='word_1_243' title='bbox 394 3182 535 3251; x_wconf 89' lang='lat' dir='ltr'><strong>Octobris,</strong></span> <span class='ocrx_word' id='word_1_244' title='bbox 557 3199 634 3238; x_wconf 88' lang='lat' dir='ltr'><strong>anno</strong></span> <span class='ocrx_word' id='word_1_245' title='bbox 654 3182 733 3252; x_wconf 78' lang='lat' dir='ltr'><strong>regni</strong></span> <span class='ocrx_word' id='word_1_246' title='bbox 757 3182 845 3238; x_wconf 89' lang='lat' dir='ltr'><strong>nostri</strong></span> <span class='ocrx_word' id='word_1_247' title='bbox 871 3182 1048 3237; x_wconf 89' lang='lat' dir='ltr'><strong>duodecimo.</strong></span> <span class='ocrx_word' id='word_1_248' title='bbox 1087 3184 1139 3238; x_wconf 90' lang='lat' dir='ltr'><strong>Per</strong></span> <span class='ocrx_word' id='word_1_249' title='bbox 1163 3183 1249 3237; x_wconf 89' lang='lat' dir='ltr'><strong>breue</strong></span> <span class='ocrx_word' id='word_1_250' title='bbox 1270 3182 1306 3237; x_wconf 92' lang='lat' dir='ltr'><strong>de</strong></span> <span class='ocrx_word' id='word_1_251' title='bbox 1328 3198 1432 3251; x_wconf 78' lang='lat' dir='ltr'><strong>magno</strong></span> 
     </span>
     <span class='ocr_line' id='line_1_29' title="bbox 328 3270 428 3341; baseline 0 -16"><span class='ocrx_word' id='word_1_252' title='bbox 328 3270 428 3341; x_wconf 75' lang='lat' dir='ltr'><strong>sigillo.</strong></span> 
     </span>
    </p>
   </div>
   <div class='ocr_carea' id='block_1_13' title="bbox 610 3384 1157 3467">
    <p class='ocr_par' dir='ltr' id='par_1_15' title="bbox 610 3384 1157 3467">
     <span class='ocr_line' id='line_1_30' title="bbox 610 3384 1157 3467; baseline 0 -18"><span class='ocrx_word' id='word_1_253' title='bbox 610 3404 659 3467; x_wconf 81' lang='lat'><strong>23·</strong></span> <span class='ocrx_word' id='word_1_254' title='bbox 703 3385 757 3449; x_wconf 83' lang='lat' dir='ltr'><strong>De</strong></span> <span class='ocrx_word' id='word_1_255' title='bbox 775 3385 863 3450; x_wconf 82' lang='lat' dir='ltr'><strong>obitu</strong></span> <span class='ocrx_word' id='word_1_256' title='bbox 889 3385 1029 3450; x_wconf 80' lang='lat' dir='ltr'><strong>Gilberti</strong></span> <span class='ocrx_word' id='word_1_257' title='bbox 1049 3384 1157 3449; x_wconf 78' lang='lat' dir='ltr'><strong>Peclu.</strong></span> 
     </span>
    </p>
   </div>
   <div class='ocr_carea' id='block_1_14' title="bbox 214 3537 1432 4460">
    <p class='ocr_par' dir='ltr' id='par_1_16' title="bbox 214 3537 1432 4460">
     <span class='ocr_line' id='line_1_31' title="bbox 393 3537 1432 3624; baseline -0.005 -19"><span class='ocrx_word' id='word_1_258' title='bbox 393 3540 497 3605; x_wconf 89' lang='lat' dir='ltr'><strong>Anno</strong></span> <span class='ocrx_word' id='word_1_259' title='bbox 538 3541 630 3624; x_wconf 87' lang='lat' dir='ltr'><strong>regni</strong></span> <span class='ocrx_word' id='word_1_260' title='bbox 668 3540 754 3622; x_wconf 86' lang='lat' dir='ltr'><strong>regis</strong></span> <span class='ocrx_word' id='word_1_261' title='bbox 794 3539 972 3603; x_wconf 88' lang='lat' dir='ltr'><strong>Eadwardi</strong></span> <span class='ocrx_word' id='word_1_262' title='bbox 1013 3546 1110 3605; x_wconf 82' lang='lat' dir='ltr'><strong>,xlx⁰.</strong></span> <span class='ocrx_word' id='word_1_263' title='bbox 1152 3538 1235 3620; x_wconf 83' lang='lat' dir='ltr'><strong>obijt</strong></span> <span class='ocrx_word' id='word_1_264' title='bbox 1277 3537 1432 3602; x_wconf 90' lang='lat' dir='ltr'><strong>dominus</strong></span> 
     </span>
     <span class='ocr_line' id='line_1_32' title="bbox 328 3640 1432 3727; baseline -0.005 -17"><span class='ocrx_word' id='word_1_265' title='bbox 328 3644 498 3711; x_wconf 87' lang='lat' dir='ltr'><strong>Gilbertus</strong></span> <span class='ocrx_word' id='word_1_266' title='bbox 522 3646 649 3710; x_wconf 90' lang='lat' dir='ltr'><strong>Pecche</strong></span> <span class='ocrx_word' id='word_1_267' title='bbox 672 3647 727 3709; x_wconf 89' lang='lat' dir='ltr'><strong>die</strong></span> <span class='ocrx_word' id='word_1_268' title='bbox 750 3644 866 3710; x_wconf 88' lang='lat' dir='ltr'><strong>Sancti</strong></span> <span class='ocrx_word' id='word_1_269' title='bbox 889 3643 1016 3708; x_wconf 89' lang='lat' dir='ltr'><strong>Vrbani</strong></span> <span class='ocrx_word' id='word_1_270' title='bbox 1040 3664 1135 3727; x_wconf 90' lang='lat' dir='ltr'><strong>pape,</strong></span> <span class='ocrx_word' id='word_1_271' title='bbox 1158 3643 1283 3707; x_wconf 90' lang='lat' dir='ltr'><strong>scilicet</strong></span> <span class='ocrx_word' id='word_1_272' title='bbox 1308 3642 1341 3705; x_wconf 91' lang='lat' dir='ltr'><strong>in</strong></span> <span class='ocrx_word' id='word_1_273' title='bbox 1367 3640 1432 3705; x_wconf 88' lang='lat' dir='ltr'><strong>fine</strong></span> 
     </span>
     <span class='ocr_line' id='line_1_33' title="bbox 214 3746 1432 3838; baseline -0.002 -25"><span class='ocrx_word' id='word_1_274' title='bbox 214 3826 220 3838; x_wconf 39' lang='lat'><strong>·</strong></span> <span class='ocrx_word' id='word_1_275' title='bbox 260 3778 267 3799; x_wconf 90' lang='lat'><strong>·</strong></span> <span class='ocrx_word' id='word_1_276' title='bbox 328 3748 421 3832; x_wconf 89' lang='lat' dir='ltr'><strong>Maij.</strong></span> <span class='ocrx_word' id='word_1_277' title='bbox 467 3748 513 3813; x_wconf 92' lang='lat' dir='ltr'><strong>Et</strong></span> <span class='ocrx_word' id='word_1_278' title='bbox 537 3749 710 3814; x_wconf 89' lang='lat' dir='ltr'><strong>sciendum</strong></span> <span class='ocrx_word' id='word_1_279' title='bbox 737 3749 828 3833; x_wconf 93' lang='lat' dir='ltr'><strong>quod</strong></span> <span class='ocrx_word' id='word_1_280' title='bbox 856 3768 945 3813; x_wconf 89' lang='lat' dir='ltr'><strong>anno</strong></span> <span class='ocrx_word' id='word_1_281' title='bbox 968 3750 1011 3812; x_wconf 89' lang='lat' dir='ltr'><strong>de</strong></span> <span class='ocrx_word' id='word_1_282' title='bbox 1036 3748 1179 3812; x_wconf 89' lang='lat' dir='ltr'><strong>termino</strong></span> <span class='ocrx_word' id='word_1_283' title='bbox 1207 3746 1333 3810; x_wconf 88' lang='lat' dir='ltr'><strong>Pasche</strong></span> <span class='ocrx_word' id='word_1_284' title='bbox 1359 3768 1432 3829; x_wconf 91' lang='lat' dir='ltr'><strong>pre·</strong></span> 
     </span>
     <span class='ocr_line' id='line_1_34' title="bbox 326 3851 1432 3939; baseline -0.005 -21"><span class='ocrx_word' id='word_1_285' title='bbox 326 3855 468 3919; x_wconf 88' lang='lat' dir='ltr'><strong>cedente</strong></span> <span class='ocrx_word' id='word_1_286' title='bbox 487 3856 612 3939; x_wconf 89' lang='lat' dir='ltr'><strong>recepit</strong></span> <span class='ocrx_word' id='word_1_287' title='bbox 632 3854 789 3918; x_wconf 87' lang='lat' dir='ltr'><strong>dominus</strong></span> <span class='ocrx_word' id='word_1_288' title='bbox 806 3854 845 3919; x_wconf 90' lang='lat' dir='ltr'><strong>G.</strong></span> <span class='ocrx_word' id='word_1_289' title='bbox 863 3852 990 3917; x_wconf 90' lang='lat' dir='ltr'><strong>Pecche</strong></span> <span class='ocrx_word' id='word_1_290' title='bbox 1010 3852 1140 3917; x_wconf 89' lang='lat' dir='ltr'><strong>firmam</strong></span> <span class='ocrx_word' id='word_1_291' title='bbox 1162 3851 1204 3915; x_wconf 89' lang='lat' dir='ltr'><strong>de</strong></span> <span class='ocrx_word' id='word_1_292' title='bbox 1226 3852 1432 3925; x_wconf 88' lang='lat' dir='ltr'><strong>Cestertone,</strong></span> 
     </span>
     <span class='ocr_line' id='line_1_35' title="bbox 325 3952 1432 4023; baseline -0.006 0"><span class='ocrx_word' id='word_1_293' title='bbox 325 3958 480 4023; x_wconf 89' lang='lat' dir='ltr'><strong>videlicet</strong></span> <span class='ocrx_word' id='word_1_294' title='bbox 489 3972 557 4023; x_wconf 82' lang='grc' dir='ltr'><strong>.Χν.</strong></span> <span class='ocrx_word' id='word_1_295' title='bbox 568 3958 669 4023; x_wconf 87' lang='lat' dir='ltr'><strong>libras</strong></span> <span class='ocrx_word' id='word_1_296' title='bbox 680 3967 715 4023; x_wconf 92' lang='lat' dir='ltr'><strong>et</strong></span> <span class='ocrx_word' id='word_1_297' title='bbox 724 3972 769 4021; x_wconf 82' lang='grc' dir='ltr'><strong>.Χ.</strong></span> <span class='ocrx_word' id='word_1_298' title='bbox 778 3956 913 4021; x_wconf 93' lang='lat' dir='ltr'><strong>solidos.</strong></span> <span class='ocrx_word' id='word_1_299' title='bbox 941 3956 987 4021; x_wconf 91' lang='lat' dir='ltr'><strong>Et</strong></span> <span class='ocrx_word' id='word_1_300' title='bbox 997 3957 1029 4019; x_wconf 93' lang='lat' dir='ltr'><strong>in</strong></span> <span class='ocrx_word' id='word_1_301' title='bbox 1041 3955 1126 4020; x_wconf 87' lang='lat' dir='ltr'><strong>festo</strong></span> <span class='ocrx_word' id='word_1_302' title='bbox 1138 3955 1244 4020; x_wconf 90' lang='lat' dir='ltr'><strong>sancti</strong></span> <span class='ocrx_word' id='word_1_303' title='bbox 1259 3952 1432 4018; x_wconf 86' lang='lat' dir='ltr'><strong>Michaelis</strong></span> 
     </span>
     <span class='ocr_line' id='line_1_36' title="bbox 325 4060 1430 4148; baseline -0.005 -23"><span class='ocrx_word' id='word_1_304' title='bbox 325 4072 485 4148; x_wconf 89' lang='lat' dir='ltr'><strong>sequente</strong></span> <span class='ocrx_word' id='word_1_305' title='bbox 500 4062 610 4127; x_wconf 92' lang='lat' dir='ltr'><strong>soluta</strong></span> <span class='ocrx_word' id='word_1_306' title='bbox 625 4062 688 4127; x_wconf 86' lang='lat' dir='ltr'><strong>fuit</strong></span> <span class='ocrx_word' id='word_1_307' title='bbox 704 4062 799 4126; x_wconf 84' lang='lat' dir='ltr'><strong>firma</strong></span> <span class='ocrx_word' id='word_1_308' title='bbox 811 4060 854 4125; x_wconf 86' lang='lat' dir='ltr'><strong>ad</strong></span> <span class='ocrx_word' id='word_1_309' title='bbox 867 4060 1068 4125; x_wconf 87' lang='lat' dir='ltr'><strong>scaccarium</strong></span> <span class='ocrx_word' id='word_1_310' title='bbox 1081 4070 1114 4124; x_wconf 91' lang='lat' dir='ltr'><strong>et</strong></span> <span class='ocrx_word' id='word_1_311' title='bbox 1126 4080 1226 4143; x_wconf 90' lang='lat' dir='ltr'><strong>super</strong></span> <span class='ocrx_word' id='word_1_312' title='bbox 1237 4067 1430 4140; x_wconf 89' lang='lat' dir='ltr'><strong>compotum</strong></span> 
     </span>
     <span class='ocr_line' id='line_1_37' title="bbox 324 4159 1431 4249; baseline -0.005 -20"><span class='ocrx_word' id='word_1_313' title='bbox 324 4167 531 4232; x_wconf 88' lang='lat' dir='ltr'><strong>vicecomitis</strong></span> <span class='ocrx_word' id='word_1_314' title='bbox 560 4166 740 4231; x_wconf 91' lang='lat' dir='ltr'><strong>allocatum</strong></span> <span class='ocrx_word' id='word_1_315' title='bbox 773 4166 836 4229; x_wconf 91' lang='lat' dir='ltr'><strong>suit</strong></span> <span class='ocrx_word' id='word_1_316' title='bbox 869 4164 971 4228; x_wconf 87' lang='lat' dir='ltr'><strong>Priori</strong></span> <span class='ocrx_word' id='word_1_317' title='bbox 1001 4164 1159 4249; x_wconf 91' lang='lat' dir='ltr'><strong>quicquid</strong></span> <span class='ocrx_word' id='word_1_318' title='bbox 1190 4162 1337 4227; x_wconf 89' lang='lat' dir='ltr'><strong>solutum</strong></span> <span class='ocrx_word' id='word_1_319' title='bbox 1369 4159 1431 4224; x_wconf 89' lang='lat' dir='ltr'><strong>suit</strong></span> 
     </span>
     <span class='ocr_line' id='line_1_38' title="bbox 324 4264 1431 4353; baseline -0.009 -17"><span class='ocrx_word' id='word_1_320' title='bbox 324 4273 463 4336; x_wconf 91' lang='lat' dir='ltr'><strong>domino</strong></span> <span class='ocrx_word' id='word_1_321' title='bbox 494 4269 644 4336; x_wconf 87' lang='lat' dir='ltr'><strong>Gilberto</strong></span> <span class='ocrx_word' id='word_1_322' title='bbox 676 4271 804 4335; x_wconf 88' lang='lat' dir='ltr'><strong>Pecche</strong></span> <span class='ocrx_word' id='word_1_323' title='bbox 830 4290 889 4353; x_wconf 89' lang='lat' dir='ltr'><strong>per</strong></span> <span class='ocrx_word' id='word_1_324' title='bbox 919 4269 1064 4333; x_wconf 88' lang='lat' dir='ltr'><strong>litteram</strong></span> <span class='ocrx_word' id='word_1_325' title='bbox 1092 4276 1264 4352; x_wconf 88' lang='lat' dir='ltr'><strong>patentem</strong></span> <span class='ocrx_word' id='word_1_326' title='bbox 1293 4264 1431 4329; x_wconf 91' lang='lat' dir='ltr'><strong>Domini</strong></span> 
     </span>
     <span class='ocr_line' id='line_1_39' title="bbox 326 4373 1179 4460; baseline -0.001 -22"><span class='ocrx_word' id='word_1_327' title='bbox 326 4376 428 4460; x_wconf 84' lang='lat' dir='ltr'><strong>Regis</strong></span> <span class='ocrx_word' id='word_1_328' title='bbox 450 4375 544 4440; x_wconf 90' lang='lat' dir='ltr'><strong>cuius</strong></span> <span class='ocrx_word' id='word_1_329' title='bbox 567 4385 662 4438; x_wconf 91' lang='lat' dir='ltr'><strong>tenor</strong></span> <span class='ocrx_word' id='word_1_330' title='bbox 685 4374 783 4458; x_wconf 88' lang='lat' dir='ltr'><strong>plene</strong></span> <span class='ocrx_word' id='word_1_331' title='bbox 807 4374 997 4439; x_wconf 87' lang='lat' dir='ltr'><strong>continetur</strong></span> <span class='ocrx_word' id='word_1_332' title='bbox 1019 4373 1179 4459; x_wconf 89' lang='lat' dir='ltr'><strong>superius.</strong></span> 
     </span>
    </p>
   </div>
   <div class='ocr_carea' id='block_1_15' title="bbox 0 0 1600 5067">
    <p class='ocr_par' dir='ltr' id='par_1_17' title="bbox 0 0 1600 5067">
     <span class='ocr_line' id='line_1_40' title="bbox 0 0 1600 5067; baseline 0 0"><span class='ocrx_word' id='word_1_333' title='bbox 0 0 1600 5067; x_wconf 95' lang='lat' dir='ltr'><strong> </strong></span> 
     </span>
    </p>
   </div>
  </div>
 </body>
</html>
