<?xml version="1.0" encoding="UTF-8"?>
<!DOCTYPE html PUBLIC "-//W3C//DTD XHTML 1.0 Transitional//EN"
    "http://www.w3.org/TR/xhtml1/DTD/xhtml1-transitional.dtd">
<html xmlns="http://www.w3.org/1999/xhtml" xml:lang="en" lang="en">
 <head>
  <title>
</title>
<meta http-equiv="Content-Type" content="text/html;charset=utf-8" />
  <meta name='ocr-system' content='tesseract 3.04.00' />
  <meta name='ocr-capabilities' content='ocr_page ocr_carea ocr_par ocr_line ocrx_word'/>
</head>
<body>
  <div class='ocr_page' id='page_1' title='image "./libermemorandor01clargoog/libermemorandor01clargoog_0255.png"; bbox 0 0 3192 5067; ppageno 0'>
   <div class='ocr_carea' id='block_1_1' title="bbox 155 335 1260 437">
    <p class='ocr_par' dir='ltr' id='par_1_1' title="bbox 155 335 1260 437">
     <span class='ocr_line' id='line_1_1' title="bbox 155 335 1260 437; baseline 0 -27"><span class='ocrx_word' id='word_1_1' title='bbox 155 335 217 435; x_wconf 91' lang='lat'>111]</span> <span class='ocrx_word' id='word_1_2' title='bbox 491 335 532 411; x_wconf 86' lang='grc' dir='ltr'><em>Α</em></span> <span class='ocrx_word' id='word_1_3' title='bbox 562 335 653 412; x_wconf 63' lang='lat' dir='ltr'>„my</span> <span class='ocrx_word' id='word_1_4' title='bbox 677 336 953 437; x_wconf 71' lang='lat' dir='ltr'>risconspz&#39;racy</span> <span class='ocrx_word' id='word_1_5' title='bbox 1193 336 1260 427; x_wconf 84' lang='lat'>187</span> 
     </span>
    </p>
   </div>
   <div class='ocr_carea' id='block_1_2' title="bbox 153 521 1425 621">
    <p class='ocr_par' dir='ltr' id='par_1_2' title="bbox 153 521 1425 621">
     <span class='ocr_line' id='line_1_2' title="bbox 153 521 1425 621; baseline 0.002 -46"><span class='ocrx_word' id='word_1_6' title='bbox 153 521 315 593; x_wconf 91' lang='lat' dir='ltr'>dicitquod</span> <span class='ocrx_word' id='word_1_7' title='bbox 333 524 447 580; x_wconf 81' lang='lat' dir='ltr'>racione</span> <span class='ocrx_word' id='word_1_8' title='bbox 464 522 539 579; x_wconf 88' lang='lat' dir='ltr'>illius</span> <span class='ocrx_word' id='word_1_9' title='bbox 556 524 652 594; x_wconf 86' lang='lat' dir='ltr'>scripti</span> <span class='ocrx_word' id='word_1_10' title='bbox 671 524 829 595; x_wconf 90' lang='lat' dir='ltr'>predictum</span> <span class='ocrx_word' id='word_1_11' title='bbox 848 540 975 580; x_wconf 89' lang='lat' dir='ltr'>annuum</span> <span class='ocrx_word' id='word_1_12' title='bbox 993 521 1134 579; x_wconf 87' lang='lat' dir='ltr'>redditum</span> <span class='ocrx_word' id='word_1_13' title='bbox 1151 522 1262 593; x_wconf 81' lang='lat' dir='ltr'>exigere</span> <span class='ocrx_word' id='word_1_14' title='bbox 1275 532 1319 621; x_wconf 56' lang='lat'>{1⁰⁵¹</span> <span class='ocrx_word' id='word_1_15' title='bbox 1324 527 1425 621; x_wconf 48' lang='lat'>{0:322</span> 
     </span>
    </p>
   </div>
   <div class='ocr_carea' id='block_1_3' title="bbox 153 610 1425 1659">
    <p class='ocr_par' dir='ltr' id='par_1_3' title="bbox 153 610 1425 1041">
     <span class='ocr_line' id='line_1_3' title="bbox 155 610 1399 685; baseline 0.003 -19"><span class='ocrx_word' id='word_1_16' title='bbox 155 628 212 665; x_wconf 90' lang='lat' dir='ltr'>non</span> <span class='ocrx_word' id='word_1_17' title='bbox 224 622 317 682; x_wconf 90' lang='lat' dir='ltr'>potest</span> <span class='ocrx_word' id='word_1_18' title='bbox 334 623 386 667; x_wconf 88' lang='lat' dir='ltr'>ete</span> <span class='ocrx_word' id='word_1_19' title='bbox 405 614 471 683; x_wconf 89' lang='lat' dir='ltr'>quia</span> <span class='ocrx_word' id='word_1_20' title='bbox 488 613 557 669; x_wconf 92' lang='lat' dir='ltr'>dicit</span> <span class='ocrx_word' id='word_1_21' title='bbox 574 614 650 684; x_wconf 88' lang='lat' dir='ltr'>quod</span> <span class='ocrx_word' id='word_1_22' title='bbox 667 614 811 685; x_wconf 88' lang='lat' dir='ltr'>predictus</span> <span class='ocrx_word' id='word_1_23' title='bbox 828 612 964 684; x_wconf 83' lang='lat' dir='ltr'>magister</span> <span class='ocrx_word' id='word_1_24' title='bbox 980 612 1089 667; x_wconf 84' lang='lat' dir='ltr'><strong>Alanus</strong></span> <span class='ocrx_word' id='word_1_25' title='bbox 1106 610 1262 667; x_wconf 85' lang='lat' dir='ltr'>secuudum</span> <span class='ocrx_word' id='word_1_26' title='bbox 1275 627 1399 671; x_wconf 73' lang='lat' dir='ltr'>uuonan</span> 
     </span>
     <span class='ocr_line' id='line_1_4' title="bbox 153 678 1421 781; baseline 0 -27"><span class='ocrx_word' id='word_1_27' title='bbox 153 700 273 755; x_wconf 86' lang='lat' dir='ltr'>sormam</span> <span class='ocrx_word' id='word_1_28' title='bbox 294 701 412 772; x_wconf 86' lang='lat' dir='ltr'>predicti</span> <span class='ocrx_word' id='word_1_29' title='bbox 435 701 530 773; x_wconf 89' lang='lat' dir='ltr'>scripti</span> <span class='ocrx_word' id='word_1_30' title='bbox 553 720 611 758; x_wconf 90' lang='lat' dir='ltr'>non</span> <span class='ocrx_word' id='word_1_31' title='bbox 630 703 707 759; x_wconf 87' lang='lat' dir='ltr'>stetit</span> <span class='ocrx_word' id='word_1_32' title='bbox 725 719 790 759; x_wconf 85' lang='lat' dir='ltr'>cunt</span> <span class='ocrx_word' id='word_1_33' title='bbox 808 701 936 775; x_wconf 86' lang='lat' dir='ltr'>predicto</span> <span class='ocrx_word' id='word_1_34' title='bbox 956 701 1052 757; x_wconf 83' lang='lat' dir='ltr'>Priore</span> <span class='ocrx_word' id='word_1_35' title='bbox 1069 701 1098 757; x_wconf 90' lang='lat' dir='ltr'>in</span> <span class='ocrx_word' id='word_1_36' title='bbox 1120 701 1213 757; x_wconf 85' lang='lat' dir='ltr'>causis</span> <span class='ocrx_word' id='word_1_37' title='bbox 1234 710 1262 755; x_wconf 91' lang='lat' dir='ltr'>et</span> <span class='ocrx_word' id='word_1_38' title='bbox 1275 678 1421 781; x_wconf 44' lang='lat' dir='ltr'>{gillam</span> 
     </span>
     <span class='ocr_line' id='line_1_5' title="bbox 154 778 1425 871; baseline 0 -28"><span class='ocrx_word' id='word_1_39' title='bbox 154 788 280 859; x_wconf 88' lang='lat' dir='ltr'>negocijs</span> <span class='ocrx_word' id='word_1_40' title='bbox 291 790 410 845; x_wconf 86' lang='lat' dir='ltr'>ecclesie</span> <span class='ocrx_word' id='word_1_41' title='bbox 423 807 481 858; x_wconf 87' lang='lat' dir='ltr'>sue,</span> <span class='ocrx_word' id='word_1_42' title='bbox 494 791 558 845; x_wconf 87' lang='lat' dir='ltr'>licet</span> <span class='ocrx_word' id='word_1_43' title='bbox 570 792 666 861; x_wconf 89' lang='lat' dir='ltr'>sepius</span> <span class='ocrx_word' id='word_1_44' title='bbox 678 800 752 846; x_wconf 90' lang='lat' dir='ltr'>esset</span> <span class='ocrx_word' id='word_1_45' title='bbox 765 790 833 845; x_wconf 91' lang='lat' dir='ltr'>inde</span> <span class='ocrx_word' id='word_1_46' title='bbox 845 790 995 861; x_wconf 89' lang='lat' dir='ltr'>requisitus</span> <span class='ocrx_word' id='word_1_47' title='bbox 1005 799 1056 845; x_wconf 91' lang='lat' dir='ltr'>etc.</span> <span class='ocrx_word' id='word_1_48' title='bbox 1095 788 1173 845; x_wconf 85' lang='lat' dir='ltr'>Dicit</span> <span class='ocrx_word' id='word_1_49' title='bbox 1185 788 1261 844; x_wconf 90' lang='lat' dir='ltr'>enirn</span> <span class='ocrx_word' id='word_1_50' title='bbox 1274 778 1425 871; x_wconf 46' lang='lat' dir='ltr'>{gffl&#39;ri‘fl</span> 
     </span>
     <span class='ocr_line' id='line_1_6' title="bbox 155 876 1261 951; baseline 0 -19"><span class='ocrx_word' id='word_1_51' title='bbox 155 878 318 948; x_wconf 88' lang='lat' dir='ltr'>quodcum</span> <span class='ocrx_word' id='word_1_52' title='bbox 342 880 490 935; x_wconf 88' lang='lat' dir='ltr'>contencio</span> <span class='ocrx_word' id='word_1_53' title='bbox 513 888 592 935; x_wconf 89' lang='lat' dir='ltr'>mota</span> <span class='ocrx_word' id='word_1_54' title='bbox 616 891 692 936; x_wconf 89' lang='lat' dir='ltr'>esset</span> <span class='ocrx_word' id='word_1_55' title='bbox 713 880 785 936; x_wconf 90' lang='lat' dir='ltr'>inter</span> <span class='ocrx_word' id='word_1_56' title='bbox 807 880 899 951; x_wconf 89' lang='lat' dir='ltr'>ipsum</span> <span class='ocrx_word' id='word_1_57' title='bbox 922 878 1048 933; x_wconf 86' lang='lat' dir='ltr'>Priorem</span> <span class='ocrx_word' id='word_1_58' title='bbox 1069 887 1097 933; x_wconf 88' lang='lat' dir='ltr'>et</span> <span class='ocrx_word' id='word_1_59' title='bbox 1119 876 1261 947; x_wconf 83' lang='lat' dir='ltr'>quendam</span> 
     </span>
     <span class='ocr_line' id='line_1_7' title="bbox 155 967 1262 1041; baseline 0 -20"><span class='ocrx_word' id='word_1_60' title='bbox 155 967 292 1024; x_wconf 83' lang='lat' dir='ltr'>vicarium</span> <span class='ocrx_word' id='word_1_61' title='bbox 321 970 358 1025; x_wconf 91' lang='lat' dir='ltr'>de</span> <span class='ocrx_word' id='word_1_62' title='bbox 389 970 530 1025; x_wconf 89' lang='lat' dir='ltr'>Mordone</span> <span class='ocrx_word' id='word_1_63' title='bbox 561 987 645 1041; x_wconf 88' lang='lat' dir='ltr'>super</span> <span class='ocrx_word' id='word_1_64' title='bbox 668 969 774 1025; x_wconf 86' lang='lat' dir='ltr'>vicaria</span> <span class='ocrx_word' id='word_1_65' title='bbox 797 969 916 1026; x_wconf 88' lang='lat' dir='ltr'>ecclesie</span> <span class='ocrx_word' id='word_1_66' title='bbox 941 969 976 1023; x_wconf 91' lang='lat' dir='ltr'>de</span> <span class='ocrx_word' id='word_1_67' title='bbox 1003 968 1142 1022; x_wconf 90' lang='lat' dir='ltr'>Mordone</span> <span class='ocrx_word' id='word_1_68' title='bbox 1165 981 1262 1021; x_wconf 87' lang='lat' dir='ltr'>coram</span> 
     </span>
    </p>

    <p class='ocr_par' dir='ltr' id='par_1_4' title="bbox 157 1054 1261 1131">
     <span class='ocr_line' id='line_1_8' title="bbox 157 1054 1261 1131; baseline -0.002 -20"><span class='ocrx_word' id='word_1_69' title='bbox 157 1059 275 1113; x_wconf 85' lang='lat' dir='ltr'>Decano</span> <span class='ocrx_word' id='word_1_70' title='bbox 287 1059 323 1115; x_wconf 92' lang='lat' dir='ltr'>de</span> <span class='ocrx_word' id='word_1_71' title='bbox 335 1060 466 1115; x_wconf 85' lang='lat' dir='ltr'>Arcubus</span> <span class='ocrx_word' id='word_1_72' title='bbox 484 1060 630 1115; x_wconf 78' lang='lat' dir='ltr'>londonie</span> <span class='ocrx_word' id='word_1_73' title='bbox 646 1069 698 1115; x_wconf 85' lang='lat' dir='ltr'>etc.</span> <span class='ocrx_word' id='word_1_74' title='bbox 717 1057 770 1131; x_wconf 91' lang='lat' dir='ltr'>[et]</span> <span class='ocrx_word' id='word_1_75' title='bbox 785 1058 862 1115; x_wconf 86' lang='lat' dir='ltr'>idem</span> <span class='ocrx_word' id='word_1_76' title='bbox 879 1058 988 1113; x_wconf 74' lang='lat' dir='ltr'>Manus</span> <span class='ocrx_word' id='word_1_77' title='bbox 1006 1074 1040 1112; x_wconf 92' lang='lat' dir='ltr'>ex</span> <span class='ocrx_word' id='word_1_78' title='bbox 1052 1065 1132 1127; x_wconf 87' lang='lat' dir='ltr'>parte</span> <span class='ocrx_word' id='word_1_79' title='bbox 1144 1054 1261 1125; x_wconf 81' lang='lat' dir='ltr'>predicti</span> 
     </span>
    </p>

    <p class='ocr_par' dir='ltr' id='par_1_5' title="bbox 155 1144 1262 1308">
     <span class='ocr_line' id='line_1_9' title="bbox 157 1144 1262 1219; baseline -0.002 -19"><span class='ocrx_word' id='word_1_80' title='bbox 157 1146 260 1201; x_wconf 90' lang='lat' dir='ltr'>Prioris</span> <span class='ocrx_word' id='word_1_81' title='bbox 290 1146 384 1218; x_wconf 90' lang='lat' dir='ltr'>sepius</span> <span class='ocrx_word' id='word_1_82' title='bbox 414 1148 565 1219; x_wconf 89' lang='lat' dir='ltr'>requisitus</span> <span class='ocrx_word' id='word_1_83' title='bbox 588 1158 664 1204; x_wconf 89' lang='lat' dir='ltr'>esset</span> <span class='ocrx_word' id='word_1_84' title='bbox 693 1147 770 1218; x_wconf 90' lang='lat' dir='ltr'>quod</span> <span class='ocrx_word' id='word_1_85' title='bbox 798 1147 892 1204; x_wconf 88' lang='lat' dir='ltr'>eidem</span> <span class='ocrx_word' id='word_1_86' title='bbox 924 1146 1013 1201; x_wconf 89' lang='lat' dir='ltr'>Priori</span> <span class='ocrx_word' id='word_1_87' title='bbox 1044 1144 1073 1200; x_wconf 89' lang='lat' dir='ltr'>in</span> <span class='ocrx_word' id='word_1_88' title='bbox 1102 1160 1191 1201; x_wconf 87' lang='lat' dir='ltr'>causa</span> <span class='ocrx_word' id='word_1_89' title='bbox 1214 1144 1262 1199; x_wconf 82' lang='lat' dir='ltr'>illa</span> 
     </span>
     <span class='ocr_line' id='line_1_10' title="bbox 155 1231 1261 1308; baseline -0.002 -20"><span class='ocrx_word' id='word_1_90' title='bbox 155 1235 304 1291; x_wconf 90' lang='lat' dir='ltr'>consilium</span> <span class='ocrx_word' id='word_1_91' title='bbox 316 1246 344 1291; x_wconf 86' lang='lat' dir='ltr'>et</span> <span class='ocrx_word' id='word_1_92' title='bbox 356 1237 491 1291; x_wconf 87' lang='lat' dir='ltr'>auxilium</span> <span class='ocrx_word' id='word_1_93' title='bbox 508 1236 675 1308; x_wconf 81' lang='lat' dir='ltr'>prestitisset</span> <span class='ocrx_word' id='word_1_94' title='bbox 692 1236 770 1292; x_wconf 88' lang='lat' dir='ltr'>idem</span> <span class='ocrx_word' id='word_1_95' title='bbox 786 1236 895 1291; x_wconf 84' lang='lat' dir='ltr'>Alanus</span> <span class='ocrx_word' id='word_1_96' title='bbox 907 1233 1001 1291; x_wconf 88' lang='lat' dir='ltr'>eidem</span> <span class='ocrx_word' id='word_1_97' title='bbox 1014 1231 1103 1288; x_wconf 87' lang='lat' dir='ltr'>Priori</span> <span class='ocrx_word' id='word_1_98' title='bbox 1116 1232 1261 1288; x_wconf 88' lang='lat' dir='ltr'>consulere</span> 
     </span>
    </p>

    <p class='ocr_par' dir='ltr' id='par_1_6' title="bbox 154 1319 1260 1395">
     <span class='ocr_line' id='line_1_11' title="bbox 154 1319 1260 1395; baseline -0.004 -18"><span class='ocrx_word' id='word_1_99' title='bbox 154 1322 184 1377; x_wconf 90' lang='lat' dir='ltr'>in</span> <span class='ocrx_word' id='word_1_100' title='bbox 195 1324 250 1379; x_wconf 85' lang='lat' dir='ltr'>hac</span> <span class='ocrx_word' id='word_1_101' title='bbox 262 1333 342 1395; x_wconf 88' lang='lat' dir='ltr'>parte</span> <span class='ocrx_word' id='word_1_102' title='bbox 354 1341 406 1379; x_wconf 90' lang='lat' dir='ltr'>nec</span> <span class='ocrx_word' id='word_1_103' title='bbox 419 1341 535 1379; x_wconf 89' lang='lat' dir='ltr'>causam</span> <span class='ocrx_word' id='word_1_104' title='bbox 547 1324 625 1379; x_wconf 89' lang='lat' dir='ltr'>illam</span> <span class='ocrx_word' id='word_1_105' title='bbox 637 1323 788 1379; x_wconf 80' lang='lat' dir='ltr'>defendere</span> <span class='ocrx_word' id='word_1_106' title='bbox 799 1323 916 1389; x_wconf 89' lang='lat' dir='ltr'>curauit,</span> <span class='ocrx_word' id='word_1_107' title='bbox 929 1322 1017 1376; x_wconf 89' lang='lat' dir='ltr'>immo</span> <span class='ocrx_word' id='word_1_108' title='bbox 1029 1329 1129 1377; x_wconf 86' lang='lat' dir='ltr'>contra</span> <span class='ocrx_word' id='word_1_109' title='bbox 1140 1319 1260 1374; x_wconf 83' lang='lat' dir='ltr'>formam</span> 
     </span>
    </p>

    <p class='ocr_par' dir='ltr' id='par_1_7' title="bbox 155 1407 1261 1483">
     <span class='ocr_line' id='line_1_12' title="bbox 155 1407 1261 1483; baseline -0.001 -19"><span class='ocrx_word' id='word_1_110' title='bbox 155 1410 273 1481; x_wconf 89' lang='lat' dir='ltr'>predicti</span> <span class='ocrx_word' id='word_1_111' title='bbox 286 1411 381 1483; x_wconf 90' lang='lat' dir='ltr'>scripti</span> <span class='ocrx_word' id='word_1_112' title='bbox 395 1412 424 1466; x_wconf 91' lang='lat' dir='ltr'>in</span> <span class='ocrx_word' id='word_1_113' title='bbox 436 1428 523 1467; x_wconf 89' lang='lat' dir='ltr'>causa</span> <span class='ocrx_word' id='word_1_114' title='bbox 539 1412 587 1466; x_wconf 88' lang='lat' dir='ltr'>illa</span> <span class='ocrx_word' id='word_1_115' title='bbox 603 1422 632 1467; x_wconf 94' lang='lat' dir='ltr'>et</span> <span class='ocrx_word' id='word_1_116' title='bbox 649 1412 679 1465; x_wconf 91' lang='lat' dir='ltr'>in</span> <span class='ocrx_word' id='word_1_117' title='bbox 695 1411 759 1481; x_wconf 87' lang='lat' dir='ltr'>nlijs</span> <span class='ocrx_word' id='word_1_118' title='bbox 775 1409 904 1482; x_wconf 87' lang='lat' dir='ltr'>plurimis</span> <span class='ocrx_word' id='word_1_119' title='bbox 917 1408 1043 1480; x_wconf 86' lang='lat' dir='ltr'>negocijs</span> <span class='ocrx_word' id='word_1_120' title='bbox 1055 1407 1145 1480; x_wconf 87' lang='lat' dir='ltr'>ipsius</span> <span class='ocrx_word' id='word_1_121' title='bbox 1158 1407 1261 1463; x_wconf 87' lang='lat' dir='ltr'>Prioris</span> 
     </span>
    </p>

    <p class='ocr_par' dir='ltr' id='par_1_8' title="bbox 155 1496 1261 1571">
     <span class='ocr_line' id='line_1_13' title="bbox 155 1496 1261 1571; baseline -0.003 -17"><span class='ocrx_word' id='word_1_122' title='bbox 155 1500 272 1569; x_wconf 82' lang='lat' dir='ltr'>agendis</span> <span class='ocrx_word' id='word_1_123' title='bbox 296 1510 356 1555; x_wconf 85' lang='lat' dir='ltr'>tam</span> <span class='ocrx_word' id='word_1_124' title='bbox 378 1500 407 1555; x_wconf 91' lang='lat' dir='ltr'>in</span> <span class='ocrx_word' id='word_1_125' title='bbox 429 1500 564 1555; x_wconf 89' lang='lat' dir='ltr'>comitatu</span> <span class='ocrx_word' id='word_1_126' title='bbox 590 1499 645 1555; x_wconf 86' lang='lat' dir='ltr'>isto</span> <span class='ocrx_word' id='word_1_127' title='bbox 669 1515 755 1571; x_wconf 88' lang='lat' dir='ltr'>quam</span> <span class='ocrx_word' id='word_1_128' title='bbox 780 1498 848 1553; x_wconf 91' lang='lat' dir='ltr'>alibi</span> <span class='ocrx_word' id='word_1_129' title='bbox 873 1497 968 1569; x_wconf 89' lang='lat' dir='ltr'>sepius</span> <span class='ocrx_word' id='word_1_130' title='bbox 994 1496 1144 1568; x_wconf 85' lang='lat' dir='ltr'>requisitus</span> <span class='ocrx_word' id='word_1_131' title='bbox 1168 1497 1261 1566; x_wconf 89' lang='lat' dir='ltr'>ipsum</span> 
     </span>
    </p>

    <p class='ocr_par' dir='ltr' id='par_1_9' title="bbox 157 1584 1262 1659">
     <span class='ocr_line' id='line_1_14' title="bbox 157 1584 1262 1659; baseline -0.004 -16"><span class='ocrx_word' id='word_1_132' title='bbox 157 1590 281 1645; x_wconf 87' lang='lat' dir='ltr'>Priorem</span> <span class='ocrx_word' id='word_1_133' title='bbox 299 1590 396 1645; x_wconf 89' lang='lat' dir='ltr'>iuuare</span> <span class='ocrx_word' id='word_1_134' title='bbox 414 1590 563 1645; x_wconf 89' lang='lat' dir='ltr'>recusauit.</span> <span class='ocrx_word' id='word_1_135' title='bbox 601 1591 639 1644; x_wconf 88' lang='lat' dir='ltr'>Et</span> <span class='ocrx_word' id='word_1_136' title='bbox 657 1590 712 1644; x_wconf 93' lang='lat' dir='ltr'>hoc</span> <span class='ocrx_word' id='word_1_137' title='bbox 729 1598 846 1659; x_wconf 89' lang='lat' dir='ltr'>paratus</span> <span class='ocrx_word' id='word_1_138' title='bbox 865 1596 907 1642; x_wconf 90' lang='lat' dir='ltr'>est</span> <span class='ocrx_word' id='word_1_139' title='bbox 926 1585 1069 1641; x_wconf 83' lang='lat' dir='ltr'>verificare</span> <span class='ocrx_word' id='word_1_140' title='bbox 1088 1595 1140 1641; x_wconf 89' lang='lat' dir='ltr'>etc.</span> <span class='ocrx_word' id='word_1_141' title='bbox 1178 1584 1262 1640; x_wconf 89' lang='lat' dir='ltr'>Vnde</span> 
     </span>
    </p>
   </div>
   <div class='ocr_carea' id='block_1_4' title="bbox 154 1677 932 1894">
    <p class='ocr_par' dir='ltr' id='par_1_10' title="bbox 154 1677 932 1894">
     <span class='ocr_line' id='line_1_15' title="bbox 154 1677 446 1749; baseline 0.003 -18"><span class='ocrx_word' id='word_1_142' title='bbox 154 1677 224 1747; x_wconf 90' lang='lat' dir='ltr'>petit</span> <span class='ocrx_word' id='word_1_143' title='bbox 238 1678 376 1749; x_wconf 88' lang='lat' dir='ltr'>judicium</span> <span class='ocrx_word' id='word_1_144' title='bbox 394 1687 446 1733; x_wconf 89' lang='lat' dir='ltr'>etc.</span> 
     </span>
     <span class='ocr_line' id='line_1_16' title="bbox 492 1808 932 1894; baseline -0.002 -20"><span class='ocrx_word' id='word_1_145' title='bbox 492 1828 559 1892; x_wconf 86' lang='lat'><strong>¹23·</strong></span> <span class='ocrx_word' id='word_1_146' title='bbox 606 1811 773 1894; x_wconf 77' lang='lat' dir='ltr'>Magister</span> <span class='ocrx_word' id='word_1_147' title='bbox 793 1808 932 1873; x_wconf 85' lang='lat' dir='ltr'>Alanus.</span> 
     </span>
    </p>
   </div>
   <div class='ocr_carea' id='block_1_5' title="bbox 208 1948 1405 2040">
    <p class='ocr_par' dir='ltr' id='par_1_11' title="bbox 208 1948 1405 2040">
     <span class='ocr_line' id='line_1_17' title="bbox 208 1948 1405 2040; baseline -0.002 -35"><span class='ocrx_word' id='word_1_148' title='bbox 208 1953 245 2005; x_wconf 88' lang='lat' dir='ltr'>Et</span> <span class='ocrx_word' id='word_1_149' title='bbox 257 1952 394 2021; x_wconf 88' lang='lat' dir='ltr'>magister</span> <span class='ocrx_word' id='word_1_150' title='bbox 402 1952 510 2007; x_wconf 74' lang='lat' dir='ltr'>Manus</span> <span class='ocrx_word' id='word_1_151' title='bbox 520 1952 589 2007; x_wconf 91' lang='lat' dir='ltr'>dicit</span> <span class='ocrx_word' id='word_1_152' title='bbox 598 1952 675 2024; x_wconf 91' lang='lat' dir='ltr'>quod</span> <span class='ocrx_word' id='word_1_153' title='bbox 684 1952 746 2025; x_wconf 89' lang='lat' dir='ltr'>ipse</span> <span class='ocrx_word' id='word_1_154' title='bbox 755 1968 926 2024; x_wconf 88' lang='lat' dir='ltr'>nunquama</span> <span class='ocrx_word' id='word_1_155' title='bbox 939 1962 1066 2023; x_wconf 90' lang='lat' dir='ltr'>tempore</span> <span class='ocrx_word' id='word_1_156' title='bbox 1079 1950 1262 2006; x_wconf 86' lang='lat' dir='ltr'>consectionis</span> <span class='ocrx_word' id='word_1_157' title='bbox 1277 1948 1341 2040; x_wconf 53' lang='lat'>*¹¹12</span> <span class='ocrx_word' id='word_1_158' title='bbox 1349 1957 1405 2040; x_wconf 47' lang='lat' dir='ltr'>{git</span> 
     </span>
    </p>
   </div>
   <div class='ocr_carea' id='block_1_6' title="bbox 155 2010 1426 2725">
    <p class='ocr_par' dir='ltr' id='par_1_12' title="bbox 156 2010 1426 2375">
     <span class='ocr_line' id='line_1_18' title="bbox 156 2010 1426 2110; baseline -0.006 -16"><span class='ocrx_word' id='word_1_159' title='bbox 156 2040 274 2110; x_wconf 91' lang='lat' dir='ltr'>predicti</span> <span class='ocrx_word' id='word_1_160' title='bbox 288 2040 384 2110; x_wconf 91' lang='lat' dir='ltr'>scripti</span> <span class='ocrx_word' id='word_1_161' title='bbox 398 2041 505 2096; x_wconf 88' lang='lat' dir='ltr'>scilicet</span> <span class='ocrx_word' id='word_1_162' title='bbox 519 2041 575 2096; x_wconf 87' lang='lat' dir='ltr'>iam</span> <span class='ocrx_word' id='word_1_163' title='bbox 588 2048 689 2095; x_wconf 71' lang='lat' dir='ltr'>.xxx2.</span> <span class='ocrx_word' id='word_1_164' title='bbox 704 2040 786 2094; x_wconf 88' lang='lat' dir='ltr'>annis</span> <span class='ocrx_word' id='word_1_165' title='bbox 799 2040 904 2109; x_wconf 91' lang='lat' dir='ltr'>elapsis</span> <span class='ocrx_word' id='word_1_166' title='bbox 917 2038 1019 2094; x_wconf 81' lang='lat' dir='ltr'>defecit</span> <span class='ocrx_word' id='word_1_167' title='bbox 1033 2038 1126 2094; x_wconf 85' lang='lat' dir='ltr'>eidem</span> <span class='ocrx_word' id='word_1_168' title='bbox 1137 2037 1224 2093; x_wconf 88' lang='lat' dir='ltr'>Priori</span> <span class='ocrx_word' id='word_1_169' title='bbox 1234 2049 1262 2093; x_wconf 90' lang='lat' dir='ltr'>et</span> <span class='ocrx_word' id='word_1_170' title='bbox 1277 2010 1314 2090; x_wconf 66' lang='lat' dir='ltr'>lor</span> <span class='ocrx_word' id='word_1_171' title='bbox 1352 2058 1426 2099; x_wconf 79' lang='lat' dir='ltr'>yem</span> 
     </span>
     <span class='ocr_line' id='line_1_19' title="bbox 156 2098 1363 2200; baseline 0.001 -19"><span class='ocrx_word' id='word_1_172' title='bbox 156 2129 307 2182; x_wconf 90' lang='lat' dir='ltr'>conuentui</span> <span class='ocrx_word' id='word_1_173' title='bbox 329 2139 381 2183; x_wconf 91' lang='lat' dir='ltr'>etc.</span> <span class='ocrx_word' id='word_1_174' title='bbox 406 2128 475 2200; x_wconf 90' lang='lat' dir='ltr'>quin</span> <span class='ocrx_word' id='word_1_175' title='bbox 498 2129 607 2183; x_wconf 88' lang='lat' dir='ltr'>eisdem</span> <span class='ocrx_word' id='word_1_176' title='bbox 631 2128 661 2183; x_wconf 89' lang='lat' dir='ltr'>in</span> <span class='ocrx_word' id='word_1_177' title='bbox 685 2128 817 2183; x_wconf 88' lang='lat' dir='ltr'>omnibus</span> <span class='ocrx_word' id='word_1_178' title='bbox 842 2127 934 2183; x_wconf 89' lang='lat' dir='ltr'>causis</span> <span class='ocrx_word' id='word_1_179' title='bbox 959 2138 988 2182; x_wconf 91' lang='lat' dir='ltr'>et</span> <span class='ocrx_word' id='word_1_180' title='bbox 1008 2126 1126 2196; x_wconf 82' lang='lat' dir='ltr'>agendis</span> <span class='ocrx_word' id='word_1_181' title='bbox 1149 2126 1207 2181; x_wconf 89' lang='lat' dir='ltr'>suis</span> <span class='ocrx_word' id='word_1_182' title='bbox 1226 2128 1262 2183; x_wconf 88' lang='lat' dir='ltr'>de</span> <span class='ocrx_word' id='word_1_183' title='bbox 1276 2098 1363 2191; x_wconf 45' lang='lat' dir='ltr'>22„ss</span> 
     </span>
     <span class='ocr_line' id='line_1_20' title="bbox 156 2198 1403 2291; baseline -0.001 -22"><span class='ocrx_word' id='word_1_184' title='bbox 156 2216 257 2287; x_wconf 89' lang='lat' dir='ltr'>quibus</span> <span class='ocrx_word' id='word_1_185' title='bbox 270 2217 356 2271; x_wconf 89' lang='lat' dir='ltr'>iidem</span> <span class='ocrx_word' id='word_1_186' title='bbox 370 2216 448 2270; x_wconf 93' lang='lat' dir='ltr'>Prior</span> <span class='ocrx_word' id='word_1_187' title='bbox 460 2226 488 2272; x_wconf 89' lang='lat' dir='ltr'>et</span> <span class='ocrx_word' id='word_1_188' title='bbox 502 2219 665 2272; x_wconf 77' lang='lat' dir='ltr'>conuentus</span> <span class='ocrx_word' id='word_1_189' title='bbox 674 2216 768 2286; x_wconf 90' lang='lat' dir='ltr'>ipsum</span> <span class='ocrx_word' id='word_1_190' title='bbox 778 2214 938 2285; x_wconf 88' lang='lat' dir='ltr'>premunire</span> <span class='ocrx_word' id='word_1_191' title='bbox 947 2214 1102 2270; x_wconf 87' lang='lat' dir='ltr'>uoluissent</span> <span class='ocrx_word' id='word_1_192' title='bbox 1112 2213 1262 2269; x_wconf 85' lang='lat' dir='ltr'>assistebat</span> <span class='ocrx_word' id='word_1_193' title='bbox 1277 2198 1296 2290; x_wconf 61' lang='grc' dir='ltr'>ξ,</span> <span class='ocrx_word' id='word_1_194' title='bbox 1318 2199 1353 2291; x_wconf 60' lang='grc' dir='ltr'>ξξ</span> <span class='ocrx_word' id='word_1_195' title='bbox 1361 2198 1403 2240; x_wconf 68' lang='lat'>‘¹¹‘</span> 
     </span>
     <span class='ocr_line' id='line_1_21' title="bbox 156 2302 1263 2375; baseline 0.001 -19"><span class='ocrx_word' id='word_1_196' title='bbox 156 2303 329 2358; x_wconf 90' lang='lat' dir='ltr'>consulendo</span> <span class='ocrx_word' id='word_1_197' title='bbox 341 2314 369 2357; x_wconf 92' lang='lat' dir='ltr'>et</span> <span class='ocrx_word' id='word_1_198' title='bbox 382 2321 432 2373; x_wconf 86' lang='lat' dir='ltr'>pro</span> <span class='ocrx_word' id='word_1_199' title='bbox 445 2321 529 2375; x_wconf 90' lang='lat' dir='ltr'>posse</span> <span class='ocrx_word' id='word_1_200' title='bbox 547 2322 598 2359; x_wconf 90' lang='lat' dir='ltr'>suo</span> <span class='ocrx_word' id='word_1_201' title='bbox 613 2303 774 2358; x_wconf 86' lang='lat' dir='ltr'>auxiliando</span> <span class='ocrx_word' id='word_1_202' title='bbox 786 2312 838 2357; x_wconf 91' lang='lat' dir='ltr'>etc.</span> <span class='ocrx_word' id='word_1_203' title='bbox 877 2304 915 2358; x_wconf 90' lang='lat' dir='ltr'>Et</span> <span class='ocrx_word' id='word_1_204' title='bbox 929 2303 964 2357; x_wconf 90' lang='lat' dir='ltr'>de</span> <span class='ocrx_word' id='word_1_205' title='bbox 977 2303 1031 2357; x_wconf 88' lang='lat' dir='ltr'>hoc</span> <span class='ocrx_word' id='word_1_206' title='bbox 1044 2302 1123 2371; x_wconf 88' lang='lat' dir='ltr'>ponit</span> <span class='ocrx_word' id='word_1_207' title='bbox 1136 2318 1166 2356; x_wconf 91' lang='lat' dir='ltr'>se</span> <span class='ocrx_word' id='word_1_208' title='bbox 1179 2318 1263 2373; x_wconf 90' lang='lat' dir='ltr'>super</span> 
     </span>
    </p>

    <p class='ocr_par' dir='ltr' id='par_1_13' title="bbox 156 2389 1262 2549">
     <span class='ocr_line' id='line_1_22' title="bbox 156 2389 1262 2461; baseline 0.001 -16"><span class='ocrx_word' id='word_1_209' title='bbox 156 2390 283 2461; x_wconf 89' lang='lat' dir='ltr'>patriam.</span> <span class='ocrx_word' id='word_1_210' title='bbox 323 2392 361 2445; x_wconf 85' lang='lat' dir='ltr'>Et</span> <span class='ocrx_word' id='word_1_211' title='bbox 375 2390 455 2446; x_wconf 92' lang='lat' dir='ltr'>Prior</span> <span class='ocrx_word' id='word_1_212' title='bbox 466 2391 601 2445; x_wconf 87' lang='lat' dir='ltr'>similiter.</span> <span class='ocrx_word' id='word_1_213' title='bbox 640 2392 709 2446; x_wconf 89' lang='lat' dir='ltr'>Ideo</span> <span class='ocrx_word' id='word_1_214' title='bbox 725 2399 889 2461; x_wconf 87' lang='lat' dir='ltr'>preceptum</span> <span class='ocrx_word' id='word_1_215' title='bbox 906 2400 949 2445; x_wconf 87' lang='lat' dir='ltr'>est</span> <span class='ocrx_word' id='word_1_216' title='bbox 965 2400 1018 2445; x_wconf 88' lang='lat' dir='ltr'>etc.</span> <span class='ocrx_word' id='word_1_217' title='bbox 1032 2400 1091 2445; x_wconf 88' lang='lat' dir='ltr'>tarn</span> <span class='ocrx_word' id='word_1_218' title='bbox 1103 2389 1262 2446; x_wconf 87' lang='lat' dir='ltr'>vicecomiti</span> 
     </span>
     <span class='ocr_line' id='line_1_23' title="bbox 158 2476 1262 2549; baseline 0 -16"><span class='ocrx_word' id='word_1_219' title='bbox 158 2479 311 2546; x_wconf 88' lang='lat' dir='ltr'>Londonie,</span> <span class='ocrx_word' id='word_1_220' title='bbox 328 2495 415 2549; x_wconf 88' lang='lat' dir='ltr'>quam</span> <span class='ocrx_word' id='word_1_221' title='bbox 433 2478 590 2534; x_wconf 86' lang='lat' dir='ltr'>vicecomiti</span> <span class='ocrx_word' id='word_1_222' title='bbox 609 2478 797 2547; x_wconf 87' lang='lat' dir='ltr'>Cantebrigie,</span> <span class='ocrx_word' id='word_1_223' title='bbox 814 2476 891 2548; x_wconf 92' lang='lat' dir='ltr'>quod</span> <span class='ocrx_word' id='word_1_224' title='bbox 904 2476 998 2532; x_wconf 87' lang='lat' dir='ltr'>venire</span> <span class='ocrx_word' id='word_1_225' title='bbox 1010 2476 1115 2532; x_wconf 80' lang='lat' dir='ltr'>iaciant</span> <span class='ocrx_word' id='word_1_226' title='bbox 1127 2477 1174 2533; x_wconf 91' lang='lat' dir='ltr'>hic</span> <span class='ocrx_word' id='word_1_227' title='bbox 1186 2494 1204 2531; x_wconf 90' lang='lat' dir='ltr'>a</span> <span class='ocrx_word' id='word_1_228' title='bbox 1216 2478 1262 2533; x_wconf 88' lang='lat' dir='ltr'>die</span> 
     </span>
    </p>

    <p class='ocr_par' dir='ltr' id='par_1_14' title="bbox 155 2566 1260 2639">
     <span class='ocr_line' id='line_1_24' title="bbox 155 2566 1260 2639; baseline 0 -18"><span class='ocrx_word' id='word_1_229' title='bbox 155 2568 262 2637; x_wconf 89' lang='lat' dir='ltr'>pasche</span> <span class='ocrx_word' id='word_1_230' title='bbox 280 2568 309 2622; x_wconf 92' lang='lat' dir='ltr'>in</span> <span class='ocrx_word' id='word_1_231' title='bbox 328 2578 384 2623; x_wconf 88' lang='lat' dir='ltr'>tres</span> <span class='ocrx_word' id='word_1_232' title='bbox 403 2568 576 2638; x_wconf 90' lang='lat' dir='ltr'>septimanas</span> <span class='ocrx_word' id='word_1_233' title='bbox 595 2568 663 2639; x_wconf 91' lang='lat' dir='ltr'>.xij.</span> <span class='ocrx_word' id='word_1_234' title='bbox 683 2578 736 2623; x_wconf 90' lang='lat' dir='ltr'>etc.</span> <span class='ocrx_word' id='word_1_235' title='bbox 759 2584 809 2637; x_wconf 90' lang='lat' dir='ltr'>per</span> <span class='ocrx_word' id='word_1_236' title='bbox 828 2584 899 2637; x_wconf 88' lang='lat' dir='ltr'>quos</span> <span class='ocrx_word' id='word_1_237' title='bbox 921 2578 972 2623; x_wconf 89' lang='lat' dir='ltr'>etc.</span> <span class='ocrx_word' id='word_1_238' title='bbox 1011 2568 1048 2621; x_wconf 87' lang='lat' dir='ltr'>Et</span> <span class='ocrx_word' id='word_1_239' title='bbox 1070 2566 1189 2637; x_wconf 85' lang='lat' dir='ltr'>quince</span> <span class='ocrx_word' id='word_1_240' title='bbox 1208 2578 1260 2624; x_wconf 90' lang='lat' dir='ltr'>etc.</span> 
     </span>
    </p>

    <p class='ocr_par' dir='ltr' id='par_1_15' title="bbox 157 2657 925 2725">
     <span class='ocr_line' id='line_1_25' title="bbox 157 2657 925 2725; baseline 0 -15"><span class='ocrx_word' id='word_1_241' title='bbox 157 2658 231 2725; x_wconf 89' lang='lat' dir='ltr'>Quia</span> <span class='ocrx_word' id='word_1_242' title='bbox 249 2666 308 2711; x_wconf 87' lang='lat' dir='ltr'>tam</span> <span class='ocrx_word' id='word_1_243' title='bbox 326 2667 379 2712; x_wconf 90' lang='lat' dir='ltr'>etc.</span> <span class='ocrx_word' id='word_1_244' title='bbox 415 2658 462 2712; x_wconf 87' lang='lat' dir='ltr'>Ad</span> <span class='ocrx_word' id='word_1_245' title='bbox 480 2658 555 2712; x_wconf 90' lang='lat' dir='ltr'>hunc</span> <span class='ocrx_word' id='word_1_246' title='bbox 574 2658 650 2712; x_wconf 87' lang='lat' dir='ltr'>diem</span> <span class='ocrx_word' id='word_1_247' title='bbox 668 2657 760 2712; x_wconf 85' lang='lat' dir='ltr'>assisa</span> <span class='ocrx_word' id='word_1_248' title='bbox 777 2657 856 2713; x_wconf 89' lang='lat' dir='ltr'>uenit</span> <span class='ocrx_word' id='word_1_249' title='bbox 874 2668 925 2712; x_wconf 89' lang='lat' dir='ltr'>etc.</span> 
     </span>
    </p>
   </div>
   <div class='ocr_carea' id='block_1_7' title="bbox 222 2778 1425 2887">
    <p class='ocr_par' dir='ltr' id='par_1_16' title="bbox 222 2778 1425 2887">
     <span class='ocr_line' id='line_1_26' title="bbox 222 2778 1425 2887; baseline 0.001 -44"><span class='ocrx_word' id='word_1_250' title='bbox 222 2779 351 2843; x_wconf 89' lang='lat' dir='ltr'>Videns</span> <span class='ocrx_word' id='word_1_251' title='bbox 380 2800 461 2863; x_wconf 86' lang='lat' dir='ltr'>ergo</span> <span class='ocrx_word' id='word_1_252' title='bbox 490 2789 678 2843; x_wconf 89' lang='lat' dir='ltr'>attornatus</span> <span class='ocrx_word' id='word_1_253' title='bbox 710 2778 831 2841; x_wconf 91' lang='lat' dir='ltr'>Prioris</span> <span class='ocrx_word' id='word_1_254' title='bbox 862 2781 951 2862; x_wconf 91' lang='lat' dir='ltr'>quod</span> <span class='ocrx_word' id='word_1_255' title='bbox 980 2779 1083 2862; x_wconf 86' lang='lat' dir='ltr'>jurati</span> <span class='ocrx_word' id='word_1_256' title='bbox 1114 2782 1263 2846; x_wconf 87' lang='lat' dir='ltr'>dicerent</span> <span class='ocrx_word' id='word_1_257' title='bbox 1276 2792 1425 2887; x_wconf 48' lang='lat' dir='ltr'>2¹23?ng</span> 
     </span>
    </p>
   </div>
   <div class='ocr_carea' id='block_1_8' title="bbox 157 2882 1388 2985">
    <p class='ocr_par' dir='ltr' id='par_1_17' title="bbox 157 2882 1388 2985">
     <span class='ocr_line' id='line_1_27' title="bbox 157 2882 1388 2985; baseline -0.003 -38"><span class='ocrx_word' id='word_1_258' title='bbox 157 2884 282 2947; x_wconf 88' lang='lat' dir='ltr'>directe</span> <span class='ocrx_word' id='word_1_259' title='bbox 317 2892 433 2947; x_wconf 85' lang='lat' dir='ltr'>contra</span> <span class='ocrx_word' id='word_1_260' title='bbox 469 2883 624 2956; x_wconf 90' lang='lat' dir='ltr'>Priorem,</span> <span class='ocrx_word' id='word_1_261' title='bbox 658 2891 693 2945; x_wconf 91' lang='lat' dir='ltr'>et</span> <span class='ocrx_word' id='word_1_262' title='bbox 727 2882 884 2965; x_wconf 89' lang='lat' dir='ltr'>precipue</span> <span class='ocrx_word' id='word_1_263' title='bbox 919 2884 1171 2949; x_wconf 88' lang='lat' dir='ltr'>Londonienses</span> <span class='ocrx_word' id='word_1_264' title='bbox 1205 2906 1264 2967; x_wconf 90' lang='lat' dir='ltr'>per</span> <span class='ocrx_word' id='word_1_265' title='bbox 1275 2893 1388 2985; x_wconf 50' lang='lat'>33⁰3?</span> 
     </span>
    </p>
   </div>
   <div class='ocr_carea' id='block_1_9' title="bbox 157 2984 1414 3099">
    <p class='ocr_par' dir='ltr' id='par_1_18' title="bbox 157 2984 1414 3099">
     <span class='ocr_line' id='line_1_28' title="bbox 157 2984 1414 3099; baseline 0.001 -50"><span class='ocrx_word' id='word_1_266' title='bbox 157 2988 353 3070; x_wconf 86' lang='lat' dir='ltr'>magistrum</span> <span class='ocrx_word' id='word_1_267' title='bbox 378 2985 526 3049; x_wconf 87' lang='lat' dir='ltr'>Alanum</span> <span class='ocrx_word' id='word_1_268' title='bbox 547 2984 724 3068; x_wconf 87' lang='lat' dir='ltr'>procurati,</span> <span class='ocrx_word' id='word_1_269' title='bbox 744 2994 778 3049; x_wconf 92' lang='lat' dir='ltr'>et</span> <span class='ocrx_word' id='word_1_270' title='bbox 803 2985 911 3049; x_wconf 87' lang='lat' dir='ltr'>clerici</span> <span class='ocrx_word' id='word_1_271' title='bbox 932 2988 965 3050; x_wconf 88' lang='lat' dir='ltr'>in</span> <span class='ocrx_word' id='word_1_272' title='bbox 987 2989 1094 3051; x_wconf 90' lang='lat' dir='ltr'>banco</span> <span class='ocrx_word' id='word_1_273' title='bbox 1114 2998 1184 3065; x_wconf 84' lang='lat' dir='ltr'>etc,</span> <span class='ocrx_word' id='word_1_274' title='bbox 1203 3008 1263 3071; x_wconf 90' lang='lat' dir='ltr'>pro</span> <span class='ocrx_word' id='word_1_275' title='bbox 1275 2993 1414 3099; x_wconf 50' lang='lat' dir='ltr'>mig,</span> 
     </span>
    </p>
   </div>
   <div class='ocr_carea' id='block_1_10' title="bbox 156 3089 1262 3700">
    <p class='ocr_par' dir='ltr' id='par_1_19' title="bbox 156 3089 1262 3700">
     <span class='ocr_line' id='line_1_29' title="bbox 156 3089 1260 3175; baseline 0.003 -20"><span class='ocrx_word' id='word_1_276' title='bbox 156 3091 313 3174; x_wconf 89' lang='lat' dir='ltr'>dampnis</span> <span class='ocrx_word' id='word_1_277' title='bbox 328 3099 399 3165; x_wconf 82' lang='lat' dir='ltr'>etc,</span> <span class='ocrx_word' id='word_1_278' title='bbox 411 3089 539 3153; x_wconf 88' lang='lat' dir='ltr'>studuit</span> <span class='ocrx_word' id='word_1_279' title='bbox 550 3098 648 3153; x_wconf 90' lang='lat' dir='ltr'>caute</span> <span class='ocrx_word' id='word_1_280' title='bbox 659 3108 776 3170; x_wconf 87' lang='lat' dir='ltr'>pacem</span> <span class='ocrx_word' id='word_1_281' title='bbox 792 3091 920 3154; x_wconf 87' lang='lat' dir='ltr'>sectari.</span> <span class='ocrx_word' id='word_1_282' title='bbox 957 3091 1002 3155; x_wconf 92' lang='lat' dir='ltr'>Et</span> <span class='ocrx_word' id='word_1_283' title='bbox 1013 3112 1072 3175; x_wconf 91' lang='lat' dir='ltr'>per</span> <span class='ocrx_word' id='word_1_284' title='bbox 1086 3093 1260 3159; x_wconf 87' lang='lat' dir='ltr'>consilium</span> 
     </span>
     <span class='ocr_line' id='line_1_30' title="bbox 156 3193 1262 3282; baseline 0.002 -22"><span class='ocrx_word' id='word_1_285' title='bbox 156 3197 339 3261; x_wconf 89' lang='lat' dir='ltr'>amicorum</span> <span class='ocrx_word' id='word_1_286' title='bbox 363 3194 440 3258; x_wconf 90' lang='lat' dir='ltr'>secit</span> <span class='ocrx_word' id='word_1_287' title='bbox 462 3214 539 3258; x_wconf 88' lang='lat' dir='ltr'>curn</span> <span class='ocrx_word' id='word_1_288' title='bbox 562 3194 713 3277; x_wconf 87' lang='lat' dir='ltr'>predicto</span> <span class='ocrx_word' id='word_1_289' title='bbox 739 3193 901 3277; x_wconf 87' lang='lat' dir='ltr'>magistro</span> <span class='ocrx_word' id='word_1_290' title='bbox 924 3195 1037 3261; x_wconf 88' lang='lat' dir='ltr'>Alano</span> <span class='ocrx_word' id='word_1_291' title='bbox 1060 3218 1177 3279; x_wconf 88' lang='lat' dir='ltr'>pacem</span> <span class='ocrx_word' id='word_1_292' title='bbox 1201 3219 1262 3282; x_wconf 87' lang='lat' dir='ltr'>pro</span> 
     </span>
     <span class='ocr_line' id='line_1_31' title="bbox 158 3298 1262 3383; baseline 0.001 -17"><span class='ocrx_word' id='word_1_293' title='bbox 158 3301 240 3367; x_wconf 88' lang='lat' dir='ltr'>.xii.</span> <span class='ocrx_word' id='word_1_294' title='bbox 261 3300 352 3363; x_wconf 86' lang='lat' dir='ltr'>libris</span> <span class='ocrx_word' id='word_1_295' title='bbox 373 3300 416 3363; x_wconf 91' lang='lat' dir='ltr'>de</span> <span class='ocrx_word' id='word_1_296' title='bbox 436 3298 557 3381; x_wconf 90' lang='lat' dir='ltr'>quibus</span> <span class='ocrx_word' id='word_1_297' title='bbox 579 3298 666 3362; x_wconf 91' lang='lat' dir='ltr'>idem</span> <span class='ocrx_word' id='word_1_298' title='bbox 689 3299 849 3382; x_wconf 89' lang='lat' dir='ltr'>magister</span> <span class='ocrx_word' id='word_1_299' title='bbox 870 3300 993 3383; x_wconf 91' lang='lat' dir='ltr'>recepit</span> <span class='ocrx_word' id='word_1_300' title='bbox 1015 3302 1109 3365; x_wconf 78' lang='lat' dir='ltr'>.xttt.</span> <span class='ocrx_word' id='word_1_301' title='bbox 1134 3322 1262 3367; x_wconf 87' lang='lat' dir='ltr'>marcas</span> 
     </span>
     <span class='ocr_line' id='line_1_32' title="bbox 156 3402 1262 3490; baseline 0.001 -21"><span class='ocrx_word' id='word_1_302' title='bbox 156 3417 190 3470; x_wconf 89' lang='lat' dir='ltr'>et</span> <span class='ocrx_word' id='word_1_303' title='bbox 220 3403 369 3468; x_wconf 90' lang='lat' dir='ltr'>residuas</span> <span class='ocrx_word' id='word_1_304' title='bbox 399 3423 455 3467; x_wconf 89' lang='lat' dir='ltr'>.v.</span> <span class='ocrx_word' id='word_1_305' title='bbox 487 3422 615 3466; x_wconf 89' lang='lat' dir='ltr'>marcas</span> <span class='ocrx_word' id='word_1_306' title='bbox 645 3402 836 3467; x_wconf 88' lang='lat' dir='ltr'>habuerunt</span> <span class='ocrx_word' id='word_1_307' title='bbox 861 3403 969 3468; x_wconf 88' lang='lat' dir='ltr'>clerici</span> <span class='ocrx_word' id='word_1_308' title='bbox 1002 3406 1034 3467; x_wconf 91' lang='lat' dir='ltr'>in</span> <span class='ocrx_word' id='word_1_309' title='bbox 1067 3406 1175 3470; x_wconf 90' lang='lat' dir='ltr'>banco</span> <span class='ocrx_word' id='word_1_310' title='bbox 1201 3428 1262 3490; x_wconf 92' lang='lat' dir='ltr'>pro</span> 
     </span>
     <span class='ocr_line' id='line_1_33' title="bbox 156 3506 1262 3593; baseline 0.001 -18"><span class='ocrx_word' id='word_1_311' title='bbox 156 3509 321 3593; x_wconf 86' lang='lat' dir='ltr'>dampnis,</span> <span class='ocrx_word' id='word_1_312' title='bbox 343 3517 378 3573; x_wconf 90' lang='lat' dir='ltr'>et</span> <span class='ocrx_word' id='word_1_313' title='bbox 403 3506 502 3571; x_wconf 90' lang='lat' dir='ltr'>valde</span> <span class='ocrx_word' id='word_1_314' title='bbox 527 3507 679 3571; x_wconf 91' lang='lat' dir='ltr'>celeriter</span> <span class='ocrx_word' id='word_1_315' title='bbox 704 3506 767 3571; x_wconf 86' lang='lat' dir='ltr'>suit</span> <span class='ocrx_word' id='word_1_316' title='bbox 793 3509 937 3590; x_wconf 84' lang='lat' dir='ltr'>pecunia</span> <span class='ocrx_word' id='word_1_317' title='bbox 960 3508 1018 3573; x_wconf 88' lang='lat' dir='ltr'>illa</span> <span class='ocrx_word' id='word_1_318' title='bbox 1042 3509 1152 3573; x_wconf 82' lang='lat' dir='ltr'>soluta</span> <span class='ocrx_word' id='word_1_319' title='bbox 1174 3512 1262 3576; x_wconf 90' lang='lat' dir='ltr'>vnde</span> 
     </span>
     <span class='ocr_line' id='line_1_34' title="bbox 156 3614 1031 3700; baseline -0.003 -19"><span class='ocrx_word' id='word_1_320' title='bbox 156 3615 387 3700; x_wconf 88' lang='lat' dir='ltr'>acquietancia</span> <span class='ocrx_word' id='word_1_321' title='bbox 409 3634 511 3698; x_wconf 91' lang='lat' dir='ltr'>penes</span> <span class='ocrx_word' id='word_1_322' title='bbox 534 3614 643 3697; x_wconf 92' lang='lat' dir='ltr'>ipsum</span> <span class='ocrx_word' id='word_1_323' title='bbox 667 3622 876 3678; x_wconf 87' lang='lat' dir='ltr'>attomatum</span> <span class='ocrx_word' id='word_1_324' title='bbox 901 3614 1031 3678; x_wconf 82' lang='lat' dir='ltr'>residet</span> 
     </span>
    </p>
   </div>
   <div class='ocr_carea' id='block_1_11' title="bbox 154 3792 1425 4360">
    <p class='ocr_par' dir='ltr' id='par_1_20' title="bbox 381 3792 1042 3880">
     <span class='ocr_line' id='line_1_35' title="bbox 381 3792 1042 3880; baseline 0.008 -22"><span class='ocrx_word' id='word_1_325' title='bbox 381 3812 448 3876; x_wconf 86' lang='lat'>¹²4</span> <span class='ocrx_word' id='word_1_326' title='bbox 494 3792 599 3859; x_wconf 79' lang='lat' dir='ltr'>Brrue</span> <span class='ocrx_word' id='word_1_327' title='bbox 619 3793 721 3879; x_wconf 82' lang='lat' dir='ltr'>Regis</span> <span class='ocrx_word' id='word_1_328' title='bbox 742 3795 781 3859; x_wconf 82' lang='lat' dir='ltr'>de</span> <span class='ocrx_word' id='word_1_329' title='bbox 802 3797 1042 3880; x_wconf 73' lang='lat' dir='ltr'>conspiracione.</span> 
     </span>
    </p>

    <p class='ocr_par' dir='ltr' id='par_1_21' title="bbox 154 3900 1425 4360">
     <span class='ocr_line' id='line_1_36' title="bbox 209 3900 1421 4012; baseline -0.002 -17"><span class='ocrx_word' id='word_1_330' title='bbox 209 3934 390 4012; x_wconf 84' lang='lat' dir='ltr'>E[dwardus]</span> <span class='ocrx_word' id='word_1_331' title='bbox 410 3936 457 3993; x_wconf 91' lang='lat' dir='ltr'>dei</span> <span class='ocrx_word' id='word_1_332' title='bbox 480 3937 577 4007; x_wconf 80' lang='lat' dir='ltr'>gracia</span> <span class='ocrx_word' id='word_1_333' title='bbox 599 3946 652 3992; x_wconf 87' lang='lat' dir='ltr'>etc</span> <span class='ocrx_word' id='word_1_334' title='bbox 675 3937 834 3994; x_wconf 87' lang='lat' dir='ltr'>vicecomiti</span> <span class='ocrx_word' id='word_1_335' title='bbox 860 3938 1041 4010; x_wconf 85' lang='lat' dir='ltr'>Cantebrigie</span> <span class='ocrx_word' id='word_1_336' title='bbox 1066 3942 1194 3998; x_wconf 87' lang='lat' dir='ltr'>salutem.</span> <span class='ocrx_word' id='word_1_337' title='bbox 1232 3945 1262 4000; x_wconf 91' lang='lat' dir='ltr'>Si</span> <span class='ocrx_word' id='word_1_338' title='bbox 1275 3900 1421 4005; x_wconf 49' lang='lat' dir='ltr'>fflpgrw</span> 
     </span>
     <span class='ocr_line' id='line_1_37' title="bbox 155 4002 1425 4145; baseline 0.002 -61"><span class='ocrx_word' id='word_1_339' title='bbox 155 4030 301 4100; x_wconf 86' lang='lat' dir='ltr'>Johannes</span> <span class='ocrx_word' id='word_1_340' title='bbox 319 4028 422 4096; x_wconf 87' lang='lat' dir='ltr'>Lewyn</span> <span class='ocrx_word' id='word_1_341' title='bbox 437 4024 534 4081; x_wconf 82' lang='lat' dir='ltr'>fecerit</span> <span class='ocrx_word' id='word_1_342' title='bbox 551 4034 580 4081; x_wconf 93' lang='lat' dir='ltr'>te</span> <span class='ocrx_word' id='word_1_343' title='bbox 596 4041 728 4081; x_wconf 85' lang='lat' dir='ltr'>securum</span> <span class='ocrx_word' id='word_1_344' title='bbox 743 4025 780 4081; x_wconf 90' lang='lat' dir='ltr'>de</span> <span class='ocrx_word' id='word_1_345' title='bbox 797 4026 900 4081; x_wconf 78' lang='lat' dir='ltr'>clantio</span> <span class='ocrx_word' id='word_1_346' title='bbox 917 4044 969 4083; x_wconf 88' lang='lat' dir='ltr'>suo</span> <span class='ocrx_word' id='word_1_347' title='bbox 985 4031 1183 4100; x_wconf 85' lang='lat' dir='ltr'>prosequendo</span> <span class='ocrx_word' id='word_1_348' title='bbox 1196 4040 1262 4087; x_wconf 89' lang='lat' dir='ltr'>tunc</span> <span class='ocrx_word' id='word_1_349' title='bbox 1272 4002 1425 4145; x_wconf 47' lang='grc' dir='ltr'>ἔζων</span> 
     </span>
     <span class='ocr_line' id='line_1_38' title="bbox 155 4108 1413 4196; baseline 0.003 -25"><span class='ocrx_word' id='word_1_350' title='bbox 155 4133 229 4188; x_wconf 91' lang='lat' dir='ltr'>pone</span> <span class='ocrx_word' id='word_1_351' title='bbox 245 4132 296 4187; x_wconf 91' lang='lat' dir='ltr'>per</span> <span class='ocrx_word' id='word_1_352' title='bbox 306 4112 421 4170; x_wconf 87' lang='lat' dir='ltr'>vadium</span> <span class='ocrx_word' id='word_1_353' title='bbox 437 4122 465 4168; x_wconf 91' lang='lat' dir='ltr'>et</span> <span class='ocrx_word' id='word_1_354' title='bbox 482 4114 576 4168; x_wconf 84' lang='lat' dir='ltr'>saluos</span> <span class='ocrx_word' id='word_1_355' title='bbox 592 4111 699 4183; x_wconf 88' lang='lat' dir='ltr'>plegios</span> <span class='ocrx_word' id='word_1_356' title='bbox 717 4113 871 4182; x_wconf 88' lang='lat' dir='ltr'>Symonem</span> <span class='ocrx_word' id='word_1_357' title='bbox 888 4114 924 4170; x_wconf 91' lang='lat' dir='ltr'>de</span> <span class='ocrx_word' id='word_1_358' title='bbox 939 4116 1075 4172; x_wconf 88' lang='lat' dir='ltr'>Hasseles</span> <span class='ocrx_word' id='word_1_359' title='bbox 1089 4118 1214 4174; x_wconf 87' lang='lat' dir='ltr'>Priorem</span> <span class='ocrx_word' id='word_1_360' title='bbox 1226 4120 1263 4175; x_wconf 90' lang='lat' dir='ltr'>de</span> <span class='ocrx_word' id='word_1_361' title='bbox 1276 4153 1326 4196; x_wconf 60' lang='lat' dir='ltr'>b„</span> <span class='ocrx_word' id='word_1_362' title='bbox 1347 4108 1413 4196; x_wconf 46' lang='grc' dir='ltr'>,ὦ</span> 
     </span>
     <span class='ocr_line' id='line_1_39' title="bbox 157 4201 1403 4305; baseline 0.002 -45"><span class='ocrx_word' id='word_1_363' title='bbox 157 4205 335 4270; x_wconf 82' lang='lat' dir='ltr'>Bernewelle,</span> <span class='ocrx_word' id='word_1_364' title='bbox 356 4203 471 4259; x_wconf 83' lang='lat' dir='ltr'>fratrem</span> <span class='ocrx_word' id='word_1_365' title='bbox 497 4201 684 4257; x_wconf 86' lang='lat' dir='ltr'>Benedictum</span> <span class='ocrx_word' id='word_1_366' title='bbox 704 4202 741 4257; x_wconf 93' lang='lat' dir='ltr'>de</span> <span class='ocrx_word' id='word_1_367' title='bbox 762 4202 902 4269; x_wconf 90' lang='lat' dir='ltr'>Weltone,</span> <span class='ocrx_word' id='word_1_368' title='bbox 926 4204 1082 4260; x_wconf 88' lang='lat' dir='ltr'>Robertum</span> <span class='ocrx_word' id='word_1_369' title='bbox 1106 4204 1403 4305; x_wconf 39' lang='lat' dir='ltr'>messorem&amp;</span> 
     </span>
     <span class='ocr_line' id='line_1_40' title="bbox 154 4288 1368 4360; baseline -0.003 -10"><span class='ocrx_word' id='word_1_370' title='bbox 154 4298 191 4352; x_wconf 90' lang='lat' dir='ltr'>de</span> <span class='ocrx_word' id='word_1_371' title='bbox 213 4294 386 4359; x_wconf 88' lang='lat' dir='ltr'>Cestertone‚</span> <span class='ocrx_word' id='word_1_372' title='bbox 405 4289 597 4345; x_wconf 87' lang='lat' dir='ltr'>Alexandrum</span> <span class='ocrx_word' id='word_1_373' title='bbox 619 4290 655 4344; x_wconf 94' lang='lat' dir='ltr'>de</span> <span class='ocrx_word' id='word_1_374' title='bbox 675 4288 828 4345; x_wconf 78' lang='lat' dir='ltr'>caldecote</span> <span class='ocrx_word' id='word_1_375' title='bbox 846 4289 987 4360; x_wconf 86' lang='lat' dir='ltr'>clericum,</span> <span class='ocrx_word' id='word_1_376' title='bbox 1008 4292 1165 4348; x_wconf 89' lang='lat' dir='ltr'>Henricum</span> <span class='ocrx_word' id='word_1_377' title='bbox 1183 4296 1262 4351; x_wconf 84' lang='lat' dir='ltr'>Atte-</span> <span class='ocrx_word' id='word_1_378' title='bbox 1274 4304 1368 4357; x_wconf 62' lang='lat' dir='ltr'>clune,</span> 
     </span>
    </p>
   </div>
   <div class='ocr_carea' id='block_1_12' title="bbox 155 4364 1363 4473">
    <p class='ocr_par' dir='ltr' id='par_1_22' title="bbox 155 4364 1363 4473">
     <span class='ocr_line' id='line_1_41' title="bbox 155 4364 1363 4473; baseline -0.002 -34"><span class='ocrx_word' id='word_1_379' title='bbox 155 4384 238 4451; x_wconf 74' lang='lat' dir='ltr'>aare,</span> <span class='ocrx_word' id='word_1_380' title='bbox 256 4381 430 4435; x_wconf 75' lang='lat' dir='ltr'>wilelmum</span> <span class='ocrx_word' id='word_1_381' title='bbox 450 4379 549 4449; x_wconf 78' lang='lat' dir='ltr'>wrwy,</span> <span class='ocrx_word' id='word_1_382' title='bbox 570 4378 725 4433; x_wconf 68' lang='lat' dir='ltr'>noterium</span> <span class='ocrx_word' id='word_1_383' title='bbox 746 4378 783 4434; x_wconf 75' lang='lat' dir='ltr'>ue</span> <span class='ocrx_word' id='word_1_384' title='bbox 804 4379 995 4449; x_wconf 86' lang='lat' dir='ltr'>Pappewrthe,</span> <span class='ocrx_word' id='word_1_385' title='bbox 1013 4381 1206 4439; x_wconf 79' lang='lat' dir='ltr'>Alexandrum</span> <span class='ocrx_word' id='word_1_386' title='bbox 1224 4385 1262 4440; x_wconf 83' lang='lat' dir='ltr'>au</span> <span class='ocrx_word' id='word_1_387' title='bbox 1275 4364 1363 4473; x_wconf 41' lang='grc' dir='ltr'>ἵζω,</span> 
     </span>
    </p>
   </div>
   <div class='ocr_carea' id='block_1_13' title="bbox 0 0 1603 5067">
    <p class='ocr_par' dir='ltr' id='par_1_23' title="bbox 0 0 1603 5067">
     <span class='ocr_line' id='line_1_42' title="bbox 0 0 1603 5067; baseline 0 0"><span class='ocrx_word' id='word_1_388' title='bbox 0 0 1603 5067; x_wconf 95' lang='lat' dir='ltr'> </span> 
     </span>
    </p>
   </div>
  </div>
 </body>
</html>
