3192 5067
207 240 220 275 t

164 362 227 461 111]
480 362 707 460 Humpltrey
733 361 781 457 os
801 359 953 459 Clupton
1205 378 1276 451 107

280 619 324 666 tt.
371 600 538 665 Placitum
560 612 672 665 contra
695 599 921 681 Humfridum
944 598 983 661 de
1008 597 1163 680 cloptune.

220 735 387 809 H[enricus]
412 738 468 792 Dei
492 738 589 807 gracia
614 739 676 793 Rex
700 738 803 806 Anglie
828 748 880 793 etc.
906 735 1073 791 vicecomiti
1100 734 1280 803 Cantebngie
1293 742 1422 785 nnmttar

165 823 293 877 salutem.
332 822 456 891 Questus
473 831 516 876 est
532 819 615 875 nobis
633 821 714 875 Prior
729 819 766 873 de
781 820 953 874 Bernewelle
968 818 1044 888 quod
1059 817 1226 873 Humfridus
1245 816 1280 871 de
1294 792 1437 887 ffifflgh

166 911 313 983 Cloptone,
338 909 477 963 Ricardus
498 908 572 962 filius
595 908 734 975 susanne,
748 918 776 962 et
790 908 930 964 Ricardus
949 906 1022 961 filius
1040 906 1158 975 Aylene,
1178 906 1281 960 iniuste
1293 900 1444 996 iiumpnrey

166 1009 194 1054 et
207 999 268 1054 siue
279 997 384 1052 iudicio
397 997 618 1067 dissaysiuerunt
631 1014 695 1052 eum
710 998 746 1051 de
758 996 847 1050 libero
860 1005 1022 1051 tenemento
1035 1012 1087 1049 suo
1100 996 1128 1049 in
1143 996 1281 1065 Cloptone
1294 995 1324 1036 ‹te
1334 994 1439 1045 erepton

166 1097 194 1141 et
208 1086 368 1142 Esthattele
381 1096 445 1157 post
463 1087 584 1156 primam
598 1084 859 1140 transiretacionem
873 1096 999 1139 nostram
1013 1084 1041 1139 in
1057 1084 1241 1150 Britanniam,
1254 1094 1281 1138 et
1294 1044 1408 1146 Ϋιοεεῗκ”

165 1174 230 1229 ideo
238 1175 288 1229 tibi
298 1172 468 1246 precipimus
478 1174 555 1245 quod
568 1173 591 1226 si
605 1174 747 1244 predictus
758 1172 838 1227 Prior
848 1172 946 1228 iecerit
955 1184 983 1227 te
994 1190 1123 1227 securum
1134 1173 1169 1228 de
1179 1173 1282 1227 clamio

166 1278 218 1317 suo
228 1262 427 1333 prosequendo
440 1273 506 1316 tunc
519 1260 607 1316 iacias
620 1270 813 1316 tenementum
827 1260 895 1315 illud
911 1260 1030 1316 reseisiri
1048 1261 1084 1316 de
1100 1260 1210 1316 catallis
1227 1278 1282 1332 que

166 1351 196 1404 iu
214 1350 277 1421 ipso
289 1361 374 1421 capta
385 1351 505 1416 fuerunt,
518 1361 546 1405 et
564 1351 658 1421 ipsum
677 1360 869 1406 tenementum
888 1368 952 1405 cum
969 1351 1078 1405 catallis
1091 1366 1153 1405 esse
1166 1348 1194 1405 in
1212 1367 1282 1420 pace

167 1455 256 1510 usque
265 1438 304 1492 ad
313 1448 420 1493 certum
428 1438 505 1493 diem
513 1454 597 1509 quem
608 1437 728 1493 dilectus
736 1447 764 1492 et
772 1438 864 1492 fidelis
873 1448 968 1493 noster
976 1438 1134 1493 Willelmus
1142 1438 1168 1493 le
1177 1438 1281 1491 Breton

167 1527 218 1581 tibi
228 1526 299 1581 scire
307 1526 400 1594 saciet,
405 1536 432 1581 et
442 1526 554 1581 interim
563 1525 651 1580 iacias
656 1525 709 1594 .xij.
720 1526 825 1581 liberos
833 1526 964 1580 homines
972 1536 999 1579 et
1007 1525 1112 1593 legales
1121 1525 1156 1579 de
1165 1524 1282 1579 uisnetis

167 1613 222 1667 illis
234 1613 330 1668 uidere
342 1624 537 1669 tenementum
550 1614 617 1668 illud
630 1624 658 1668 et
668 1614 785 1668 nomina
794 1630 892 1667 eorum
903 1612 1052 1667 inbreniari
1063 1623 1091 1667 et
1101 1628 1282 1667 summoneas

168 1718 218 1756 eos
231 1718 282 1771 per
293 1702 384 1755 bonos
397 1701 616 1756 summonitores
628 1702 705 1771 quod
718 1710 785 1756 tunc
798 1702 855 1755 sint
868 1718 964 1755 coram
977 1701 1085 1770 pretato
1099 1700 1242 1754 Willelmo
1255 1708 1282 1753 et

168 1790 224 1845 biis
236 1806 308 1860 quos
321 1789 375 1845 sibi
389 1790 574 1845 associauen't
586 1790 624 1844 ad
637 1800 745 1844 certum
758 1790 853 1845 locum
869 1806 953 1860 quem
967 1790 1043 1844 idem
1059 1788 1218 1843 Willelmus
1231 1786 1281 1842 tibi

169 1877 241 1932 scire
256 1878 350 1946 saciet,
363 1878 455 1947 parati
472 1877 538 1931 inde
554 1877 649 1931 facere
663 1876 898 1945 recognicionem.
937 1877 975 1931 Et
992 1893 1066 1946 pone
1083 1893 1133 1947 per
1151 1876 1236 1931 uadia
1253 1889 1282 1933 et

169 1966 265 2021 saluos
291 1967 400 2037 plegios
425 1966 569 2037 predictos
596 1966 779 2020 Humiridum
805 1962 985 2036 [Ricardum]
1008 1975 1036 2019 et
1062 1966 1214 2021 Ricardum
1237 1966 1282 2019 uel

170 2055 292 2110 bailiuos
305 2072 372 2110 suos
385 2055 408 2109 si
422 2054 476 2127 ipsi
490 2053 597 2107 inuenti
610 2070 667 2107 nou
681 2054 784 2109 suerint
797 2054 873 2123 quod
887 2064 953 2108 tunc
966 2052 1023 2107 sint
1036 2054 1074 2108 ibi
1092 2054 1189 2108 audire
1207 2053 1283 2108 illam

169 2142 398 2211 recognicionem
410 2154 439 2198 et
451 2143 558 2197 habeas
577 2142 615 2196 ibi
635 2142 862 2210 summonitores,
877 2141 994 2196 nomina
1010 2140 1168 2212 plegionrm
1185 2152 1212 2195 et
1228 2142 1281 2196 hoc

171 2229 266 2284 breue.
303 2230 390 2284 Teste
406 2245 452 2282 me
470 2228 532 2298 ipso
549 2228 625 2298 apud
640 2228 811 2283 Bernewelle
824 2247 857 2281 .x.
872 2228 919 2282 die
933 2228 1102 2282 Decembris
1113 2244 1190 2281 anno
1202 2229 1281 2297 regni

171 2321 260 2378 nostri
274 2324 372 2377 .x10iii0.

229 2510 276 2557 12.
319 2491 424 2556 Breue
447 2490 631 2575 W[illelmt]
648 2491 766 2555 Breton
785 2490 981 2575 Justicianj
991 2491 1118 2556 domini
1131 2482 1224 2575 regis.

225 2628 406 2701 W[illelmus]
421 2632 506 2700 Bryto
519 2630 622 2686 dilecto
635 2629 688 2685 sibi
702 2629 869 2685 Vicecomiti
885 2628 1065 2700 Cantebrigie
1077 2632 1204 2685 salutem.
1237 2632 1280 2684 Ex
1296 2638 1432 2681 Summanu

171 2730 252 2792 parte
270 2719 387 2773 Domini
406 2719 493 2788 Regis
510 2720 592 2773 uobis
609 2720 716 2774 mando
733 2719 810 2789 quod
828 2719 924 2772 uenire
936 2718 1024 2772 iacias
1036 2735 1132 2772 coram
1145 2736 1191 2773 me
1203 2720 1280 2790 apud
1292 2688 1444 2790 homnem

173 2824 291 2877 paruam
304 2807 451 2862 Schelford
464 2808 493 2861 in
510 2808 635 2862 crastino
652 2806 847 2861 conuersionis
861 2806 952 2860 sancti
968 2806 1044 2860 Pauli
1059 2823 1188 2875 assysam
1207 2824 1280 2863 noue
1294 2800 1399 2832 ‘mm
1409 2794 1435 2831 ²⁰

173 2894 330 2964 dysseisine
352 2912 438 2967 quam
458 2895 538 2949 Prior
556 2894 591 2949 de
614 2894 785 2949 Bernewelle
804 2893 983 2949 arramiauit¹
1004 2911 1100 2949 coram
1119 2912 1165 2949 me
1183 2911 1281 2951 uersus
1295 2888 1381 2981 183ξὲξῆ
1381 2940 1409 2980 ru

174 2983 329 3037 Ricardum
345 2982 382 3036 de
398 2982 426 3035 la
443 2981 577 3051 Chapele,
591 2980 627 3035 de
642 2991 804 3036 tenemento
817 2997 869 3035 suo
882 2980 910 3033 in
926 2982 1055 3047 Bertone,
1070 2982 1239 3052 Wytewelle,
1254 2993 1282 3037 et
1295 2988 1393 3041 enjan.
1404 2989 1438 3038 ιθ,

175 3070 354 3136 Grancestre,
363 3079 392 3123 et
400 3084 499 3123 omnes
512 3067 583 3123 alias
596 3084 719 3137 assysas,
732 3078 760 3122 et
773 3069 878 3123 iuratos
891 3085 987 3123 coram
1001 3086 1046 3124 me
1059 3068 1240 3124 arramiatos²
1253 3070 1281 3123 in
1296 3050 1353 3091 ‘²⁵⁹'

174 3158 302 3229 predicto
314 3156 451 3212 comitatu
464 3172 529 3211 cum
544 3155 677 3210 omnibus
689 3156 920 3210 attachiamentis
937 3152 989 3226 [et]
1000 3156 1179 3210 adminiculis
1192 3156 1283 3211 dictas

173 3246 280 3300 assisas
292 3255 321 3301 et
334 3243 441 3298 iuratos
461 3244 652 3312 tangentibus,
665 3252 694 3297 et
706 3243 782 3297 diem
799 3253 828 3297 et
843 3243 937 3297 locum
954 3241 1082 3313 partibus
1097 3244 1168 3299 scire
1187 3243 1283 3311 facias,

173 3344 202 3389 et
214 3332 344 3388 habeatis
356 3332 396 3387 ibi
409 3332 464 3386 hoc
476 3333 562 3387 breue
575 3342 603 3385 et
616 3332 713 3386 breuia
726 3332 883 3401 originalia„

215 3517 260 3582 13.
305 3500 358 3564 Dc
370 3520 483 3580 asuysa
498 3520 558 3583 que
572 3499 663 3563 uenit
676 3518 783 3561 coram
792 3497 1003 3582 justiciariis
1016 3497 1144 3562 domini
1158 3498 1250 3581 regis.

241 3640 370 3724 Assysa
395 3640 489 3703 uenit
515 3638 727 3721 recognitura
755 3639 782 3701 si
812 3638 977 3703 Ricardus
1003 3641 1047 3703 de
1074 3639 1106 3703 la
1133 3639 1281 3724 Chapele
1296 3662 1443 3715 uowtuug-

175 3744 296 3809 iniuste
321 3753 383 3807 etc.
409 3742 604 3825 dissaysiuit
635 3742 781 3805 Priorem
810 3743 852 3806 de
881 3742 1082 3806 Bernewelle
1109 3742 1151 3807 de
1178 3743 1282 3807 libero
1295 3718 1444 3855 {pm-im

174 3858 368 3913 tenemento
379 3867 440 3910 suo
456 3847 489 3909 in
506 3844 873 3928 Bertone,Wytewelle,
886 3844 1092 3923 Grancestre,
1101 3856 1280 3929 postquam
1296 3814 1443 3915 miii&

175 3962 236 4017 etc.
248 3962 282 4016 et
293 3953 382 4016 vnde
393 3952 557 4035 [queritur
567 3950 683 4033 qu0d⁸]
696 3951 901 4034 dyssaysiuit
912 3971 989 4014 eurn
999 3952 1042 4015 de
1054 3950 1194 4013 dimidia
1205 3970 1282 4013 acra
1296 3914 1329 3965 b,
1340 3914 1443 3957 ‘lehun'

176 4068 261 4123 terre
273 4078 349 4120 cum
365 4056 578 4140 pertinenciis
590 4056 624 4118 in
637 4055 785 4133 eisdem3
802 4067 835 4119 et
853 4054 1016 4119 Ricardus
1032 4076 1098 4118 non
1115 4057 1206 4119 uenit
1221 4076 1282 4119 nec

175 4163 238 4226 suit
267 4162 470 4227 attachiatus
498 4159 577 4244 quia
606 4180 673 4224 non
705 4160 767 4224 fuit
801 4160 965 4226 inuentus.
1020 4160 1101 4224 ideo
1132 4159 1282 4242 capiatur

174 4289 290 4334 uersus
313 4288 389 4332 eum
412 4288 471 4352 per
492 4267 644 4333 defaltas.

241 4415 250 4447 ¹
267 4415 390 4476 mmiauit,
404 4416 461 4466 MS.
635 4412 646 4445 ²
663 4416 786 4476 muriatus,
803 4416 860 4465 MS.
1033 4412 1044 4443 ⁸
1062 4430 1147 4480 quare,
1159 4417 1215 4467 MS.

1295 2844 1360 2880 meet
1369 2844 1395 2881 at
1492 2880 1495 2887 ,
