<?xml version="1.0" encoding="UTF-8"?>
<!DOCTYPE html PUBLIC "-//W3C//DTD XHTML 1.0 Transitional//EN"
    "http://www.w3.org/TR/xhtml1/DTD/xhtml1-transitional.dtd">
<html xmlns="http://www.w3.org/1999/xhtml" xml:lang="en" lang="en">
 <head>
  <title>
</title>
<meta http-equiv="Content-Type" content="text/html;charset=utf-8" />
  <meta name='ocr-system' content='tesseract 3.04.00' />
  <meta name='ocr-capabilities' content='ocr_page ocr_carea ocr_par ocr_line ocrx_word'/>
</head>
<body>
  <div class='ocr_page' id='page_1' title='image "./libermemorandor01clargoog/libermemorandor01clargoog_0241.png"; bbox 0 0 3192 5067; ppageno 0'>
   <div class='ocr_carea' id='block_1_1' title="bbox 150 333 1259 435">
    <p class='ocr_par' dir='ltr' id='par_1_1' title="bbox 150 333 1259 435">
     <span class='ocr_line' id='line_1_1' title="bbox 150 333 1259 435; baseline 0.003 -29"><span class='ocrx_word' id='word_1_1' title='bbox 150 333 213 433; x_wconf 89' lang='lat'>111]</span> <span class='ocrx_word' id='word_1_2' title='bbox 390 336 573 435; x_wconf 78' lang='lat' dir='ltr'>Vicaroge</span> <span class='ocrx_word' id='word_1_3' title='bbox 595 336 643 433; x_wconf 88' lang='lat' dir='ltr'>of</span> <span class='ocrx_word' id='word_1_4' title='bbox 663 336 827 410; x_wconf 81' lang='lat' dir='ltr'>Guz&#39;lden</span> <span class='ocrx_word' id='word_1_5' title='bbox 851 337 1015 411; x_wconf 83' lang='lat' dir='ltr'>Morden</span> <span class='ocrx_word' id='word_1_6' title='bbox 1193 356 1259 430; x_wconf 83' lang='lat'>173</span> 
     </span>
    </p>
   </div>
   <div class='ocr_carea' id='block_1_2' title="bbox 459 556 956 621">
    <p class='ocr_par' dir='ltr' id='par_1_2' title="bbox 459 556 956 621">
     <span class='ocr_line' id='line_1_2' title="bbox 459 556 956 621; baseline -0.002 0"><span class='ocrx_word' id='word_1_7' title='bbox 459 560 526 621; x_wconf 91' lang='lat'>106.</span> <span class='ocrx_word' id='word_1_8' title='bbox 572 556 703 619; x_wconf 84' lang='lat' dir='ltr'><em>Littera</em></span> <span class='ocrx_word' id='word_1_9' title='bbox 725 557 956 621; x_wconf 63' lang='lat' dir='ltr'>instituciones.</span> 
     </span>
    </p>
   </div>
   <div class='ocr_carea' id='block_1_3' title="bbox 153 708 1415 870">
    <p class='ocr_par' dir='ltr' id='par_1_3' title="bbox 153 708 1415 870">
     <span class='ocr_line' id='line_1_3' title="bbox 206 708 1388 780; baseline -0.003 -15"><span class='ocrx_word' id='word_1_10' title='bbox 206 710 357 765; x_wconf 86' lang='lat' dir='ltr'>Uniuersis</span> <span class='ocrx_word' id='word_1_11' title='bbox 374 720 520 780; x_wconf 85' lang='lat' dir='ltr'>presentes</span> <span class='ocrx_word' id='word_1_12' title='bbox 539 710 646 766; x_wconf 86' lang='lat' dir='ltr'>litteras</span> <span class='ocrx_word' id='word_1_13' title='bbox 664 710 834 780; x_wconf 86' lang='lat' dir='ltr'>inspecturis</span> <span class='ocrx_word' id='word_1_14' title='bbox 849 709 978 765; x_wconf 85' lang='lat' dir='ltr'>officialis</span> <span class='ocrx_word' id='word_1_15' title='bbox 990 708 1160 765; x_wconf 89' lang='lat' dir='ltr'>venerabilis</span> <span class='ocrx_word' id='word_1_16' title='bbox 1173 709 1260 779; x_wconf 90' lang='lat' dir='ltr'>patris</span> <span class='ocrx_word' id='word_1_17' title='bbox 1275 717 1350 757; x_wconf 78' lang='lat' dir='ltr'>Form</span> <span class='ocrx_word' id='word_1_18' title='bbox 1360 714 1388 755; x_wconf 84' lang='lat' dir='ltr'>ot</span> 
     </span>
     <span class='ocr_line' id='line_1_4' title="bbox 153 766 1415 870; baseline -0.003 -18"><span class='ocrx_word' id='word_1_19' title='bbox 153 796 309 870; x_wconf 83' lang='lat' dir='ltr'>ll[ugonis]</span> <span class='ocrx_word' id='word_1_20' title='bbox 325 798 378 852; x_wconf 90' lang='lat' dir='ltr'>Dei</span> <span class='ocrx_word' id='word_1_21' title='bbox 391 799 487 867; x_wconf 83' lang='lat' dir='ltr'>gracia</span> <span class='ocrx_word' id='word_1_22' title='bbox 501 798 636 869; x_wconf 87' lang='lat' dir='ltr'>Episcopi</span> <span class='ocrx_word' id='word_1_23' title='bbox 652 798 784 867; x_wconf 81' lang='lat' dir='ltr'>Elyeosis</span> <span class='ocrx_word' id='word_1_24' title='bbox 798 798 917 851; x_wconf 87' lang='lat' dir='ltr'>salutem</span> <span class='ocrx_word' id='word_1_25' title='bbox 932 797 959 849; x_wconf 88' lang='lat' dir='ltr'>in</span> <span class='ocrx_word' id='word_1_26' title='bbox 974 806 1088 851; x_wconf 86' lang='lat' dir='ltr'>auctore</span> <span class='ocrx_word' id='word_1_27' title='bbox 1100 796 1206 851; x_wconf 86' lang='lat' dir='ltr'>salutis.</span> <span class='ocrx_word' id='word_1_28' title='bbox 1275 766 1415 857; x_wconf 45' lang='lat' dir='ltr'>iimina</span> 
     </span>
    </p>
   </div>
   <div class='ocr_carea' id='block_1_4' title="bbox 152 864 1430 2356">
    <p class='ocr_par' dir='ltr' id='par_1_4' title="bbox 152 864 1430 2097">
     <span class='ocr_line' id='line_1_5' title="bbox 206 864 1430 958; baseline -0.004 -17"><span class='ocrx_word' id='word_1_29' title='bbox 206 885 393 941; x_wconf 89' lang='lat' dir='ltr'>Uniuersitati</span> <span class='ocrx_word' id='word_1_30' title='bbox 410 900 503 942; x_wconf 83' lang='lat' dir='ltr'>uestre</span> <span class='ocrx_word' id='word_1_31' title='bbox 520 896 617 941; x_wconf 90' lang='lat' dir='ltr'>tenore</span> <span class='ocrx_word' id='word_1_32' title='bbox 635 886 812 955; x_wconf 90' lang='lat' dir='ltr'>presencium</span> <span class='ocrx_word' id='word_1_33' title='bbox 826 898 924 939; x_wconf 89' lang='lat' dir='ltr'>notum</span> <span class='ocrx_word' id='word_1_34' title='bbox 938 885 986 940; x_wconf 86' lang='lat' dir='ltr'>liat</span> <span class='ocrx_word' id='word_1_35' title='bbox 999 885 1075 954; x_wconf 92' lang='lat' dir='ltr'>quod</span> <span class='ocrx_word' id='word_1_36' title='bbox 1088 901 1140 938; x_wconf 93' lang='lat' dir='ltr'>nos</span> <span class='ocrx_word' id='word_1_37' title='bbox 1155 886 1261 938; x_wconf 85' lang='lat' dir='ltr'>Lucam</span> <span class='ocrx_word' id='word_1_38' title='bbox 1275 866 1389 958; x_wconf 52' lang='lat' dir='ltr'>ffiffi‘</span> <span class='ocrx_word' id='word_1_39' title='bbox 1402 864 1430 906; x_wconf 50' lang='grc' dir='ltr'>οἱ</span> 
     </span>
     <span class='ocr_line' id='line_1_6' title="bbox 152 967 1427 1068; baseline -0.005 -39"><span class='ocrx_word' id='word_1_40' title='bbox 152 976 188 1030; x_wconf 91' lang='lat' dir='ltr'>de</span> <span class='ocrx_word' id='word_1_41' title='bbox 207 975 386 1043; x_wconf 83' lang='lat' dir='ltr'>Abingetone</span> <span class='ocrx_word' id='word_1_42' title='bbox 404 974 591 1046; x_wconf 90' lang='lat' dir='ltr'>presbiterum</span> <span class='ocrx_word' id='word_1_43' title='bbox 610 992 628 1029; x_wconf 94' lang='lat' dir='ltr'>a</span> <span class='ocrx_word' id='word_1_44' title='bbox 647 974 798 1041; x_wconf 73' lang='lat' dir='ltr'>Religiosis</span> <span class='ocrx_word' id='word_1_45' title='bbox 817 974 884 1029; x_wconf 88' lang='lat' dir='ltr'>uiris</span> <span class='ocrx_word' id='word_1_46' title='bbox 905 974 1000 1028; x_wconf 87' lang='lat' dir='ltr'>Priore</span> <span class='ocrx_word' id='word_1_47' title='bbox 1019 982 1047 1027; x_wconf 90' lang='lat' dir='ltr'>et</span> <span class='ocrx_word' id='word_1_48' title='bbox 1066 981 1207 1027; x_wconf 90' lang='lat' dir='ltr'>conuentu</span> <span class='ocrx_word' id='word_1_49' title='bbox 1226 971 1262 1024; x_wconf 93' lang='lat' dir='ltr'>de</span> <span class='ocrx_word' id='word_1_50' title='bbox 1277 967 1427 1068; x_wconf 46' lang='lat' dir='ltr'>fgffi‘ffi</span> 
     </span>
     <span class='ocr_line' id='line_1_7' title="bbox 154 1059 1261 1131; baseline -0.005 -14"><span class='ocrx_word' id='word_1_51' title='bbox 154 1062 325 1117; x_wconf 81' lang='lat' dir='ltr'>Bernewelle</span> <span class='ocrx_word' id='word_1_52' title='bbox 338 1062 375 1116; x_wconf 83' lang='lat' dir='ltr'>ad</span> <span class='ocrx_word' id='word_1_53' title='bbox 387 1062 523 1117; x_wconf 79' lang='lat' dir='ltr'>vicariam</span> <span class='ocrx_word' id='word_1_54' title='bbox 535 1061 655 1117; x_wconf 87' lang='lat' dir='ltr'>ecclesie</span> <span class='ocrx_word' id='word_1_55' title='bbox 664 1062 700 1116; x_wconf 93' lang='lat' dir='ltr'>de</span> <span class='ocrx_word' id='word_1_56' title='bbox 711 1061 970 1116; x_wconf 81' lang='lat' dir='ltr'>Gildonemordone</span> <span class='ocrx_word' id='word_1_57' title='bbox 980 1077 1030 1131; x_wconf 91' lang='lat' dir='ltr'>per</span> <span class='ocrx_word' id='word_1_58' title='bbox 1037 1059 1261 1128; x_wconf 82' lang='lat' dir='ltr'>resignationem</span> 
     </span>
     <span class='ocr_line' id='line_1_8' title="bbox 153 1148 1263 1219; baseline -0.003 -15"><span class='ocrx_word' id='word_1_59' title='bbox 153 1150 293 1219; x_wconf 88' lang='lat' dir='ltr'>Johannis</span> <span class='ocrx_word' id='word_1_60' title='bbox 317 1149 354 1204; x_wconf 93' lang='lat' dir='ltr'>de</span> <span class='ocrx_word' id='word_1_61' title='bbox 377 1151 436 1203; x_wconf 85' lang='lat' dir='ltr'>alta</span> <span class='ocrx_word' id='word_1_62' title='bbox 461 1151 563 1203; x_wconf 85' lang='lat' dir='ltr'>Estera</span> <span class='ocrx_word' id='word_1_63' title='bbox 586 1159 746 1216; x_wconf 79' lang='lat' dir='ltr'>uocantem,</span> <span class='ocrx_word' id='word_1_64' title='bbox 771 1160 799 1202; x_wconf 88' lang='lat' dir='ltr'>et</span> <span class='ocrx_word' id='word_1_65' title='bbox 825 1150 861 1203; x_wconf 88' lang='lat' dir='ltr'>ad</span> <span class='ocrx_word' id='word_1_66' title='bbox 886 1148 1012 1219; x_wconf 89' lang='lat' dir='ltr'>ipsorum</span> <span class='ocrx_word' id='word_1_67' title='bbox 1040 1148 1263 1203; x_wconf 89' lang='lat' dir='ltr'>aduocacionem</span> 
     </span>
     <span class='ocr_line' id='line_1_9' title="bbox 154 1233 1264 1306; baseline -0.004 -15"><span class='ocrx_word' id='word_1_68' title='bbox 154 1246 330 1306; x_wconf 83' lang='lat' dir='ltr'>spectantem</span> <span class='ocrx_word' id='word_1_69' title='bbox 355 1235 438 1291; x_wconf 87' lang='lat' dir='ltr'>nobis</span> <span class='ocrx_word' id='word_1_70' title='bbox 462 1235 599 1290; x_wconf 90' lang='lat' dir='ltr'>canonice</span> <span class='ocrx_word' id='word_1_71' title='bbox 623 1234 840 1306; x_wconf 89' lang='lat' dir='ltr'>presentatum¹‚</span> <span class='ocrx_word' id='word_1_72' title='bbox 865 1234 1000 1289; x_wconf 88' lang='lat' dir='ltr'>vicarium</span> <span class='ocrx_word' id='word_1_73' title='bbox 1031 1233 1203 1289; x_wconf 87' lang='lat' dir='ltr'>instituimus</span> <span class='ocrx_word' id='word_1_74' title='bbox 1235 1234 1264 1287; x_wconf 95' lang='lat' dir='ltr'>in</span> 
     </span>
     <span class='ocr_line' id='line_1_10' title="bbox 154 1321 1264 1393; baseline -0.002 -16"><span class='ocrx_word' id='word_1_75' title='bbox 154 1325 264 1391; x_wconf 83' lang='lat' dir='ltr'>eadem,</span> <span class='ocrx_word' id='word_1_76' title='bbox 277 1324 358 1379; x_wconf 90' lang='lat' dir='ltr'>salua</span> <span class='ocrx_word' id='word_1_77' title='bbox 376 1323 460 1379; x_wconf 88' lang='lat' dir='ltr'>dictis</span> <span class='ocrx_word' id='word_1_78' title='bbox 480 1323 569 1377; x_wconf 90' lang='lat' dir='ltr'>Priori</span> <span class='ocrx_word' id='word_1_79' title='bbox 588 1335 616 1378; x_wconf 90' lang='lat' dir='ltr'>et</span> <span class='ocrx_word' id='word_1_80' title='bbox 636 1323 796 1379; x_wconf 91' lang='lat' dir='ltr'>Conuentui</span> <span class='ocrx_word' id='word_1_81' title='bbox 809 1340 906 1379; x_wconf 88' lang='lat' dir='ltr'>annua</span> <span class='ocrx_word' id='word_1_82' title='bbox 918 1322 1055 1393; x_wconf 82' lang='lat' dir='ltr'>pensione</span> <span class='ocrx_word' id='word_1_83' title='bbox 1068 1321 1150 1376; x_wconf 88' lang='lat' dir='ltr'>vnius</span> <span class='ocrx_word' id='word_1_84' title='bbox 1170 1338 1264 1375; x_wconf 88' lang='lat' dir='ltr'>marce</span> 
     </span>
     <span class='ocr_line' id='line_1_11' title="bbox 154 1408 1264 1483; baseline -0.002 -18"><span class='ocrx_word' id='word_1_85' title='bbox 154 1412 224 1483; x_wconf 92' lang='lat' dir='ltr'>ipsis</span> <span class='ocrx_word' id='word_1_86' title='bbox 247 1430 266 1467; x_wconf 92' lang='lat' dir='ltr'>a</span> <span class='ocrx_word' id='word_1_87' title='bbox 287 1412 364 1467; x_wconf 89' lang='lat' dir='ltr'>dicto</span> <span class='ocrx_word' id='word_1_88' title='bbox 388 1411 494 1466; x_wconf 88' lang='lat' dir='ltr'>vicario</span> <span class='ocrx_word' id='word_1_89' title='bbox 519 1420 547 1467; x_wconf 91' lang='lat' dir='ltr'>et</span> <span class='ocrx_word' id='word_1_90' title='bbox 572 1412 631 1466; x_wconf 92' lang='lat' dir='ltr'>suls</span> <span class='ocrx_word' id='word_1_91' title='bbox 656 1411 866 1466; x_wconf 90' lang='lat' dir='ltr'>successoribus</span> <span class='ocrx_word' id='word_1_92' title='bbox 891 1411 929 1464; x_wconf 88' lang='lat' dir='ltr'>ad</span> <span class='ocrx_word' id='word_1_93' title='bbox 948 1410 1020 1464; x_wconf 89' lang='lat' dir='ltr'>duos</span> <span class='ocrx_word' id='word_1_94' title='bbox 1041 1408 1108 1462; x_wconf 87' lang='lat' dir='ltr'>anni</span> <span class='ocrx_word' id='word_1_95' title='bbox 1129 1409 1264 1463; x_wconf 91' lang='lat' dir='ltr'>terminos</span> 
     </span>
     <span class='ocr_line' id='line_1_12' title="bbox 155 1498 1265 1570; baseline -0.003 -17"><span class='ocrx_word' id='word_1_96' title='bbox 155 1499 351 1570; x_wconf 86' lang='lat' dir='ltr'>persoluenda,</span> <span class='ocrx_word' id='word_1_97' title='bbox 376 1509 404 1554; x_wconf 88' lang='lat' dir='ltr'>et</span> <span class='ocrx_word' id='word_1_98' title='bbox 429 1508 546 1569; x_wconf 87' lang='lat' dir='ltr'>excepta</span> <span class='ocrx_word' id='word_1_99' title='bbox 570 1500 683 1554; x_wconf 90' lang='lat' dir='ltr'>decima</span> <span class='ocrx_word' id='word_1_100' title='bbox 707 1498 764 1555; x_wconf 82' lang='lat' dir='ltr'>feni</span> <span class='ocrx_word' id='word_1_101' title='bbox 789 1508 818 1553; x_wconf 90' lang='lat' dir='ltr'>et</span> <span class='ocrx_word' id='word_1_102' title='bbox 843 1498 1078 1563; x_wconf 90' lang='lat' dir='ltr'>molendinorum,</span> <span class='ocrx_word' id='word_1_103' title='bbox 1099 1506 1127 1551; x_wconf 91' lang='lat' dir='ltr'>et</span> <span class='ocrx_word' id='word_1_104' title='bbox 1147 1506 1265 1566; x_wconf 89' lang='lat' dir='ltr'>excepto</span> 
     </span>
     <span class='ocr_line' id='line_1_13' title="bbox 154 1582 1265 1656; baseline -0.003 -16"><span class='ocrx_word' id='word_1_105' title='bbox 154 1587 246 1655; x_wconf 91' lang='lat' dir='ltr'>primo</span> <span class='ocrx_word' id='word_1_106' title='bbox 264 1585 367 1655; x_wconf 82' lang='lat' dir='ltr'>legato,</span> <span class='ocrx_word' id='word_1_107' title='bbox 380 1595 409 1640; x_wconf 88' lang='lat' dir='ltr'>et</span> <span class='ocrx_word' id='word_1_108' title='bbox 426 1594 543 1656; x_wconf 84' lang='lat' dir='ltr'>excepta</span> <span class='ocrx_word' id='word_1_109' title='bbox 560 1585 672 1641; x_wconf 90' lang='lat' dir='ltr'>decima</span> <span class='ocrx_word' id='word_1_110' title='bbox 688 1584 871 1656; x_wconf 86' lang='lat' dir='ltr'>proueniente</span> <span class='ocrx_word' id='word_1_111' title='bbox 889 1583 1018 1639; x_wconf 89' lang='lat' dir='ltr'>decuria</span> <span class='ocrx_word' id='word_1_112' title='bbox 1035 1583 1142 1637; x_wconf 89' lang='lat' dir='ltr'>domini</span> <span class='ocrx_word' id='word_1_113' title='bbox 1163 1582 1265 1637; x_wconf 88' lang='lat' dir='ltr'>Prioris</span> 
     </span>
     <span class='ocr_line' id='line_1_14' title="bbox 155 1672 1266 1743; baseline -0.003 -15"><span class='ocrx_word' id='word_1_114' title='bbox 155 1673 183 1728; x_wconf 93' lang='lat' dir='ltr'>in</span> <span class='ocrx_word' id='word_1_115' title='bbox 202 1674 304 1728; x_wconf 88' lang='lat' dir='ltr'>eadem</span> <span class='ocrx_word' id='word_1_116' title='bbox 322 1673 398 1741; x_wconf 86' lang='lat' dir='ltr'>villa,</span> <span class='ocrx_word' id='word_1_117' title='bbox 410 1682 440 1728; x_wconf 90' lang='lat' dir='ltr'>et</span> <span class='ocrx_word' id='word_1_118' title='bbox 457 1683 576 1743; x_wconf 88' lang='lat' dir='ltr'>excepta</span> <span class='ocrx_word' id='word_1_119' title='bbox 592 1682 667 1727; x_wconf 90' lang='lat' dir='ltr'>terra</span> <span class='ocrx_word' id='word_1_120' title='bbox 684 1674 778 1742; x_wconf 85' lang='lat' dir='ltr'>legata</span> <span class='ocrx_word' id='word_1_121' title='bbox 796 1672 892 1743; x_wconf 90' lang='lat' dir='ltr'>siqua</span> <span class='ocrx_word' id='word_1_122' title='bbox 910 1672 999 1727; x_wconf 82' lang='lat' dir='ltr'>luerit.</span> <span class='ocrx_word' id='word_1_123' title='bbox 1038 1673 1076 1725; x_wconf 89' lang='lat' dir='ltr'>Et</span> <span class='ocrx_word' id='word_1_124' title='bbox 1095 1672 1171 1742; x_wconf 92' lang='lat' dir='ltr'>quod</span> <span class='ocrx_word' id='word_1_125' title='bbox 1190 1672 1266 1726; x_wconf 89' lang='lat' dir='ltr'>idem</span> 
     </span>
     <span class='ocr_line' id='line_1_15' title="bbox 154 1759 1265 1828; baseline -0.004 -12"><span class='ocrx_word' id='word_1_126' title='bbox 154 1762 276 1817; x_wconf 88' lang='lat' dir='ltr'>vicarius</span> <span class='ocrx_word' id='word_1_127' title='bbox 289 1761 383 1816; x_wconf 88' lang='lat' dir='ltr'>locare</span> <span class='ocrx_word' id='word_1_128' title='bbox 395 1762 499 1817; x_wconf 89' lang='lat' dir='ltr'>debeat</span> <span class='ocrx_word' id='word_1_129' title='bbox 511 1778 598 1815; x_wconf 88' lang='lat' dir='ltr'>vnum</span> <span class='ocrx_word' id='word_1_130' title='bbox 611 1778 744 1815; x_wconf 87' lang='lat' dir='ltr'>mansum</span> <span class='ocrx_word' id='word_1_131' title='bbox 757 1778 775 1815; x_wconf 94' lang='lat' dir='ltr'>a</span> <span class='ocrx_word' id='word_1_132' title='bbox 786 1760 871 1815; x_wconf 91' lang='lat' dir='ltr'>dictis</span> <span class='ocrx_word' id='word_1_133' title='bbox 887 1759 983 1814; x_wconf 86' lang='lat' dir='ltr'>Priore</span> <span class='ocrx_word' id='word_1_134' title='bbox 995 1769 1023 1814; x_wconf 87' lang='lat' dir='ltr'>et</span> <span class='ocrx_word' id='word_1_135' title='bbox 1042 1760 1194 1814; x_wconf 90' lang='lat' dir='ltr'>Conuentu</span> <span class='ocrx_word' id='word_1_136' title='bbox 1213 1774 1265 1828; x_wconf 90' lang='lat' dir='ltr'>pro</span> 
     </span>
     <span class='ocr_line' id='line_1_16' title="bbox 155 1847 1265 1922; baseline -0.005 -16"><span class='ocrx_word' id='word_1_137' title='bbox 155 1859 276 1922; x_wconf 92' lang='lat' dir='ltr'>quatuor</span> <span class='ocrx_word' id='word_1_138' title='bbox 287 1850 387 1905; x_wconf 90' lang='lat' dir='ltr'>solidis</span> <span class='ocrx_word' id='word_1_139' title='bbox 400 1849 556 1916; x_wconf 82' lang='lat' dir='ltr'>annuatim,</span> <span class='ocrx_word' id='word_1_140' title='bbox 569 1860 597 1905; x_wconf 91' lang='lat' dir='ltr'>et</span> <span class='ocrx_word' id='word_1_141' title='bbox 609 1849 687 1919; x_wconf 91' lang='lat' dir='ltr'>quod</span> <span class='ocrx_word' id='word_1_142' title='bbox 699 1849 796 1904; x_wconf 90' lang='lat' dir='ltr'>omnia</span> <span class='ocrx_word' id='word_1_143' title='bbox 809 1864 896 1903; x_wconf 87' lang='lat' dir='ltr'>onera</span> <span class='ocrx_word' id='word_1_144' title='bbox 908 1848 1060 1914; x_wconf 88' lang='lat' dir='ltr'>ordinaria,</span> <span class='ocrx_word' id='word_1_145' title='bbox 1070 1857 1097 1902; x_wconf 90' lang='lat' dir='ltr'>et</span> <span class='ocrx_word' id='word_1_146' title='bbox 1108 1847 1265 1901; x_wconf 89' lang='lat' dir='ltr'>cantariam</span> 
     </span>
     <span class='ocr_line' id='line_1_17' title="bbox 156 1935 1266 2010; baseline -0.006 -15"><span class='ocrx_word' id='word_1_147' title='bbox 156 1940 271 2010; x_wconf 88' lang='lat' dir='ltr'>Capelle</span> <span class='ocrx_word' id='word_1_148' title='bbox 283 1940 320 1994; x_wconf 94' lang='lat' dir='ltr'>de</span> <span class='ocrx_word' id='word_1_149' title='bbox 334 1939 445 1994; x_wconf 88' lang='lat' dir='ltr'>Redree</span> <span class='ocrx_word' id='word_1_150' title='bbox 457 1950 501 1993; x_wconf 93' lang='lat' dir='ltr'>ter</span> <span class='ocrx_word' id='word_1_151' title='bbox 513 1938 541 1992; x_wconf 90' lang='lat' dir='ltr'>in</span> <span class='ocrx_word' id='word_1_152' title='bbox 554 1939 715 1994; x_wconf 88' lang='lat' dir='ltr'>ebdomada</span> <span class='ocrx_word' id='word_1_153' title='bbox 728 1938 831 1992; x_wconf 86' lang='lat' dir='ltr'>debeat</span> <span class='ocrx_word' id='word_1_154' title='bbox 844 1936 991 2003; x_wconf 88' lang='lat' dir='ltr'>sustinere,</span> <span class='ocrx_word' id='word_1_155' title='bbox 1005 1946 1087 2007; x_wconf 89' lang='lat' dir='ltr'>prout</span> <span class='ocrx_word' id='word_1_156' title='bbox 1104 1936 1133 1989; x_wconf 92' lang='lat' dir='ltr'>in</span> <span class='ocrx_word' id='word_1_157' title='bbox 1149 1935 1266 2006; x_wconf 89' lang='lat' dir='ltr'>inquisi-</span> 
     </span>
     <span class='ocr_line' id='line_1_18' title="bbox 156 2026 668 2097; baseline -0.008 -15"><span class='ocrx_word' id='word_1_158' title='bbox 156 2029 237 2083; x_wconf 91' lang='lat' dir='ltr'>cione</span> <span class='ocrx_word' id='word_1_159' title='bbox 249 2044 334 2097; x_wconf 89' lang='lat' dir='ltr'>super</span> <span class='ocrx_word' id='word_1_160' title='bbox 346 2027 401 2082; x_wconf 91' lang='lat' dir='ltr'>hoc</span> <span class='ocrx_word' id='word_1_161' title='bbox 413 2026 488 2080; x_wconf 84' lang='lat' dir='ltr'>lacta</span> <span class='ocrx_word' id='word_1_162' title='bbox 501 2026 668 2081; x_wconf 86' lang='lat' dir='ltr'>continetur.</span> 
     </span>
    </p>

    <p class='ocr_par' dir='ltr' id='par_1_5' title="bbox 156 2109 1267 2356">
     <span class='ocr_line' id='line_1_19' title="bbox 210 2109 1267 2182; baseline -0.005 -14"><span class='ocrx_word' id='word_1_163' title='bbox 210 2116 317 2169; x_wconf 90' lang='lat' dir='ltr'>Datum</span> <span class='ocrx_word' id='word_1_164' title='bbox 338 2111 519 2181; x_wconf 74' lang='lat' dir='ltr'>cantebrigie</span> <span class='ocrx_word' id='word_1_165' title='bbox 538 2113 585 2167; x_wconf 90' lang='lat' dir='ltr'>die</span> <span class='ocrx_word' id='word_1_166' title='bbox 603 2113 669 2166; x_wconf 91' lang='lat' dir='ltr'>lune</span> <span class='ocrx_word' id='word_1_167' title='bbox 686 2110 815 2182; x_wconf 88' lang='lat' dir='ltr'>proxima</span> <span class='ocrx_word' id='word_1_168' title='bbox 840 2120 903 2181; x_wconf 87' lang='lat' dir='ltr'>post</span> <span class='ocrx_word' id='word_1_169' title='bbox 928 2110 1031 2165; x_wconf 82' lang='lat' dir='ltr'>festum</span> <span class='ocrx_word' id='word_1_170' title='bbox 1057 2118 1155 2164; x_wconf 89' lang='lat' dir='ltr'>sancte</span> <span class='ocrx_word' id='word_1_171' title='bbox 1181 2109 1267 2163; x_wconf 89' lang='lat' dir='ltr'>Lucie</span> 
     </span>
     <span class='ocr_line' id='line_1_20' title="bbox 156 2195 1266 2271; baseline -0.005 -15"><span class='ocrx_word' id='word_1_172' title='bbox 156 2200 273 2271; x_wconf 82' lang='lat' dir='ltr'>uirginis</span> <span class='ocrx_word' id='word_1_173' title='bbox 298 2218 375 2255; x_wconf 88' lang='lat' dir='ltr'>anno</span> <span class='ocrx_word' id='word_1_174' title='bbox 399 2199 507 2255; x_wconf 90' lang='lat' dir='ltr'>domini</span> <span class='ocrx_word' id='word_1_175' title='bbox 532 2200 799 2255; x_wconf 87' lang='lat' dir='ltr'>m⁰.cc⁰.lx.nono.</span> <span class='ocrx_word' id='word_1_176' title='bbox 840 2200 873 2252; x_wconf 95' lang='lat' dir='ltr'>ln</span> <span class='ocrx_word' id='word_1_177' title='bbox 898 2196 978 2253; x_wconf 90' lang='lat' dir='ltr'>cuius</span> <span class='ocrx_word' id='word_1_178' title='bbox 1002 2196 1041 2251; x_wconf 88' lang='lat' dir='ltr'>rei</span> <span class='ocrx_word' id='word_1_179' title='bbox 1071 2195 1266 2252; x_wconf 85' lang='lat' dir='ltr'>testimonium</span> 
     </span>
     <span class='ocr_line' id='line_1_21' title="bbox 157 2282 1266 2356; baseline -0.005 -13"><span class='ocrx_word' id='word_1_180' title='bbox 157 2287 248 2344; x_wconf 90' lang='lat' dir='ltr'>dictus</span> <span class='ocrx_word' id='word_1_181' title='bbox 269 2287 398 2343; x_wconf 84' lang='lat' dir='ltr'>officialis</span> <span class='ocrx_word' id='word_1_182' title='bbox 420 2286 551 2356; x_wconf 84' lang='lat' dir='ltr'>Elyensis</span> <span class='ocrx_word' id='word_1_183' title='bbox 571 2286 609 2341; x_wconf 89' lang='lat' dir='ltr'>ad</span> <span class='ocrx_word' id='word_1_184' title='bbox 630 2296 796 2356; x_wconf 88' lang='lat' dir='ltr'>perpetuam</span> <span class='ocrx_word' id='word_1_185' title='bbox 818 2285 858 2339; x_wconf 89' lang='lat' dir='ltr'>rei</span> <span class='ocrx_word' id='word_1_186' title='bbox 882 2284 1050 2340; x_wconf 87' lang='lat' dir='ltr'>memoriam</span> <span class='ocrx_word' id='word_1_187' title='bbox 1072 2284 1138 2339; x_wconf 91' lang='lat' dir='ltr'>huic</span> <span class='ocrx_word' id='word_1_188' title='bbox 1160 2282 1266 2354; x_wconf 89' lang='lat' dir='ltr'>scripto</span> 
     </span>
    </p>
   </div>
   <div class='ocr_carea' id='block_1_5' title="bbox 156 2374 526 2445">
    <p class='ocr_par' dir='ltr' id='par_1_6' title="bbox 156 2374 526 2445">
     <span class='ocr_line' id='line_1_22' title="bbox 156 2374 526 2445; baseline -0.003 -17"><span class='ocrx_word' id='word_1_189' title='bbox 156 2375 279 2444; x_wconf 88' lang='lat' dir='ltr'>sigillum</span> <span class='ocrx_word' id='word_1_190' title='bbox 291 2392 374 2431; x_wconf 90' lang='lat' dir='ltr'>suum</span> <span class='ocrx_word' id='word_1_191' title='bbox 386 2374 526 2445; x_wconf 88' lang='lat' dir='ltr'>apposuit.</span> 
     </span>
    </p>
   </div>
   <div class='ocr_carea' id='block_1_6' title="bbox 252 2550 1170 2634">
    <p class='ocr_par' dir='ltr' id='par_1_7' title="bbox 252 2550 1170 2634">
     <span class='ocr_line' id='line_1_23' title="bbox 252 2550 1170 2634; baseline -0.002 -19"><span class='ocrx_word' id='word_1_192' title='bbox 252 2567 320 2633; x_wconf 92' lang='lat'>107.</span> <span class='ocrx_word' id='word_1_193' title='bbox 365 2551 417 2614; x_wconf 84' lang='lat' dir='ltr'>De</span> <span class='ocrx_word' id='word_1_194' title='bbox 439 2550 677 2634; x_wconf 67' lang='lat' dir='ltr'>ingratitudine</span> <span class='ocrx_word' id='word_1_195' title='bbox 697 2550 784 2614; x_wconf 83' lang='lat' dir='ltr'>Luce</span> <span class='ocrx_word' id='word_1_196' title='bbox 806 2550 927 2633; x_wconf 80' lang='lat' dir='ltr'>vican&#39;j</span> <span class='ocrx_word' id='word_1_197' title='bbox 945 2550 983 2613; x_wconf 77' lang='lat' dir='ltr'>dr</span> <span class='ocrx_word' id='word_1_198' title='bbox 1005 2550 1170 2615; x_wconf 80' lang='lat' dir='ltr'>Mordone.</span> 
     </span>
    </p>
   </div>
   <div class='ocr_carea' id='block_1_7' title="bbox 226 2703 1408 2802">
    <p class='ocr_par' dir='ltr' id='par_1_8' title="bbox 226 2703 1408 2802">
     <span class='ocr_line' id='line_1_24' title="bbox 226 2703 1408 2802; baseline -0.001 -34"><span class='ocrx_word' id='word_1_199' title='bbox 226 2706 294 2770; x_wconf 89' lang='lat' dir='ltr'>lste</span> <span class='ocrx_word' id='word_1_200' title='bbox 322 2706 432 2769; x_wconf 91' lang='lat' dir='ltr'>Lucas</span> <span class='ocrx_word' id='word_1_201' title='bbox 457 2704 599 2768; x_wconf 90' lang='lat' dir='ltr'>vicarius</span> <span class='ocrx_word' id='word_1_202' title='bbox 631 2704 737 2768; x_wconf 90' lang='lat' dir='ltr'>multa</span> <span class='ocrx_word' id='word_1_203' title='bbox 766 2704 962 2787; x_wconf 85' lang='lat' dir='ltr'>grauamina</span> <span class='ocrx_word' id='word_1_204' title='bbox 993 2703 1071 2767; x_wconf 85' lang='lat' dir='ltr'>lecit</span> <span class='ocrx_word' id='word_1_205' title='bbox 1103 2703 1206 2766; x_wconf 92' lang='lat' dir='ltr'>Priori</span> <span class='ocrx_word' id='word_1_206' title='bbox 1233 2712 1267 2767; x_wconf 91' lang='lat' dir='ltr'>et</span> <span class='ocrx_word' id='word_1_207' title='bbox 1282 2710 1408 2802; x_wconf 49' lang='lat' dir='ltr'>{¹332ng</span> 
     </span>
    </p>
   </div>
   <div class='ocr_carea' id='block_1_8' title="bbox 158 2807 1393 2903">
    <p class='ocr_par' dir='ltr' id='par_1_9' title="bbox 158 2807 1393 2903">
     <span class='ocr_line' id='line_1_25' title="bbox 158 2807 1393 2903; baseline -0.005 -29"><span class='ocrx_word' id='word_1_208' title='bbox 158 2810 337 2875; x_wconf 85' lang='lat' dir='ltr'>Canonicis</span> <span class='ocrx_word' id='word_1_209' title='bbox 366 2810 410 2873; x_wconf 93' lang='lat' dir='ltr'>de</span> <span class='ocrx_word' id='word_1_210' title='bbox 440 2808 643 2873; x_wconf 89' lang='lat' dir='ltr'>Bemewelle</span> <span class='ocrx_word' id='word_1_211' title='bbox 668 2808 814 2872; x_wconf 90' lang='lat' dir='ltr'>dominis</span> <span class='ocrx_word' id='word_1_212' title='bbox 838 2809 914 2871; x_wconf 92' lang='lat' dir='ltr'>suis.</span> <span class='ocrx_word' id='word_1_213' title='bbox 962 2808 1072 2871; x_wconf 92' lang='lat' dir='ltr'>Primo</span> <span class='ocrx_word' id='word_1_214' title='bbox 1099 2807 1268 2871; x_wconf 88' lang='lat' dir='ltr'>subtraxit</span> <span class='ocrx_word' id='word_1_215' title='bbox 1281 2811 1393 2903; x_wconf 39' lang='lat'>2333&amp;</span> 
     </span>
    </p>
   </div>
   <div class='ocr_carea' id='block_1_9' title="bbox 158 2911 1411 3005">
    <p class='ocr_par' dir='ltr' id='par_1_10' title="bbox 158 2911 1411 3005">
     <span class='ocr_line' id='line_1_26' title="bbox 158 2911 1411 3005; baseline -0.001 -27"><span class='ocrx_word' id='word_1_216' title='bbox 158 2935 305 2979; x_wconf 88' lang='lat' dir='ltr'>annuam</span> <span class='ocrx_word' id='word_1_217' title='bbox 336 2915 547 2998; x_wconf 87' lang='lat' dir='ltr'>pensionem.</span> <span class='ocrx_word' id='word_1_218' title='bbox 559 2912 712 2995; x_wconf 88' lang='lat' dir='ltr'>j.marce</span> <span class='ocrx_word' id='word_1_219' title='bbox 742 2923 775 2977; x_wconf 92' lang='lat' dir='ltr'>et</span> <span class='ocrx_word' id='word_1_220' title='bbox 805 2923 949 2996; x_wconf 88' lang='lat' dir='ltr'>quatuor</span> <span class='ocrx_word' id='word_1_221' title='bbox 975 2912 1157 2975; x_wconf 89' lang='lat' dir='ltr'>solidorum</span> <span class='ocrx_word' id='word_1_222' title='bbox 1183 2931 1268 2994; x_wconf 92' lang='lat' dir='ltr'>quos</span> <span class='ocrx_word' id='word_1_223' title='bbox 1282 2911 1411 3005; x_wconf 55' lang='lat' dir='ltr'>3333ss</span> 
     </span>
    </p>
   </div>
   <div class='ocr_carea' id='block_1_10' title="bbox 158 3012 1426 3105">
    <p class='ocr_par' dir='ltr' id='par_1_11' title="bbox 158 3012 1426 3105">
     <span class='ocr_line' id='line_1_27' title="bbox 158 3012 1426 3105; baseline -0.002 -22"><span class='ocrx_word' id='word_1_224' title='bbox 158 3020 287 3083; x_wconf 89' lang='lat' dir='ltr'>soluere</span> <span class='ocrx_word' id='word_1_225' title='bbox 301 3019 418 3083; x_wconf 91' lang='lat' dir='ltr'>debuit</span> <span class='ocrx_word' id='word_1_226' title='bbox 433 3040 494 3102; x_wconf 92' lang='lat' dir='ltr'>pro</span> <span class='ocrx_word' id='word_1_227' title='bbox 508 3018 668 3101; x_wconf 90' lang='lat' dir='ltr'>hospicio.</span> <span class='ocrx_word' id='word_1_228' title='bbox 728 3017 943 3101; x_wconf 82' lang='lat' dir='ltr'>Quapropter</span> <span class='ocrx_word' id='word_1_229' title='bbox 965 3016 1057 3080; x_wconf 89' lang='lat' dir='ltr'>Prior</span> <span class='ocrx_word' id='word_1_230' title='bbox 1077 3014 1268 3099; x_wconf 90' lang='lat' dir='ltr'>impetrauit</span> <span class='ocrx_word' id='word_1_231' title='bbox 1281 3012 1426 3105; x_wconf 53' lang='grc' dir='ltr'>ξξξῇᾞ,</span> 
     </span>
    </p>
   </div>
   <div class='ocr_carea' id='block_1_11' title="bbox 159 3092 1432 3215">
    <p class='ocr_par' dir='ltr' id='par_1_12' title="bbox 159 3092 1432 3215">
     <span class='ocr_line' id='line_1_28' title="bbox 159 3092 1432 3215; baseline -0.01 -26"><span class='ocrx_word' id='word_1_232' title='bbox 159 3126 285 3189; x_wconf 90' lang='lat' dir='ltr'>litteras</span> <span class='ocrx_word' id='word_1_233' title='bbox 306 3125 444 3209; x_wconf 88' lang='lat' dir='ltr'>papales</span> <span class='ocrx_word' id='word_1_234' title='bbox 464 3125 497 3187; x_wconf 94' lang='lat' dir='ltr'>in</span> <span class='ocrx_word' id='word_1_235' title='bbox 520 3124 627 3188; x_wconf 91' lang='lat' dir='ltr'>sorma</span> <span class='ocrx_word' id='word_1_236' title='bbox 646 3124 818 3187; x_wconf 93' lang='lat' dir='ltr'>communi</span> <span class='ocrx_word' id='word_1_237' title='bbox 838 3130 956 3185; x_wconf 88' lang='lat' dir='ltr'>contra</span> <span class='ocrx_word' id='word_1_238' title='bbox 976 3141 1054 3185; x_wconf 89' lang='lat' dir='ltr'>eum</span> <span class='ocrx_word' id='word_1_239' title='bbox 1073 3122 1116 3184; x_wconf 93' lang='lat' dir='ltr'>de</span> <span class='ocrx_word' id='word_1_240' title='bbox 1132 3118 1267 3183; x_wconf 89' lang='lat' dir='ltr'>redditi·</span> <span class='ocrx_word' id='word_1_241' title='bbox 1281 3092 1382 3205; x_wconf 49' lang='lat'>322‘0‘</span> <span class='ocrx_word' id='word_1_242' title='bbox 1397 3175 1432 3215; x_wconf 49' lang='grc' dir='ltr'>πε</span> 
     </span>
    </p>
   </div>
   <div class='ocr_carea' id='block_1_12' title="bbox 159 3214 1406 3317">
    <p class='ocr_par' dir='ltr' id='par_1_13' title="bbox 159 3214 1406 3317">
     <span class='ocr_line' id='line_1_29' title="bbox 159 3214 1406 3317; baseline -0.004 -24"><span class='ocrx_word' id='word_1_243' title='bbox 159 3230 221 3293; x_wconf 93' lang='lat' dir='ltr'>bus</span> <span class='ocrx_word' id='word_1_244' title='bbox 258 3229 388 3305; x_wconf 89' lang='lat' dir='ltr'>debitis,</span> <span class='ocrx_word' id='word_1_245' title='bbox 419 3229 693 3312; x_wconf 91' lang='lat' dir='ltr'>possessionibus,</span> <span class='ocrx_word' id='word_1_246' title='bbox 727 3228 942 3312; x_wconf 91' lang='lat' dir='ltr'>pensionibus</span> <span class='ocrx_word' id='word_1_247' title='bbox 980 3236 1050 3303; x_wconf 83' lang='lat' dir='ltr'>etc,</span> <span class='ocrx_word' id='word_1_248' title='bbox 1079 3236 1113 3289; x_wconf 88' lang='lat' dir='ltr'>et</span> <span class='ocrx_word' id='word_1_249' title='bbox 1151 3214 1406 3317; x_wconf 60' lang='lat' dir='ltr'>habuitgggtgnl</span> 
     </span>
    </p>
   </div>
   <div class='ocr_carea' id='block_1_13' title="bbox 156 3315 1432 3417">
    <p class='ocr_par' dir='ltr' id='par_1_14' title="bbox 156 3315 1432 3417">
     <span class='ocr_line' id='line_1_30' title="bbox 156 3315 1432 3417; baseline -0.004 -20"><span class='ocrx_word' id='word_1_250' title='bbox 156 3334 303 3416; x_wconf 90' lang='lat' dir='ltr'>judicem</span> <span class='ocrx_word' id='word_1_251' title='bbox 315 3332 460 3397; x_wconf 89' lang='lat' dir='ltr'>Priorem</span> <span class='ocrx_word' id='word_1_252' title='bbox 475 3333 590 3399; x_wconf 89' lang='lat' dir='ltr'>Sancti</span> <span class='ocrx_word' id='word_1_253' title='bbox 602 3332 690 3396; x_wconf 90' lang='lat' dir='ltr'>Petri</span> <span class='ocrx_word' id='word_1_254' title='bbox 701 3332 743 3396; x_wconf 93' lang='lat' dir='ltr'>de</span> <span class='ocrx_word' id='word_1_255' title='bbox 755 3331 953 3415; x_wconf 84' lang='lat' dir='ltr'>Gypwyco².</span> <span class='ocrx_word' id='word_1_256' title='bbox 987 3330 1063 3393; x_wconf 91' lang='lat' dir='ltr'>Non</span> <span class='ocrx_word' id='word_1_257' title='bbox 1076 3328 1182 3393; x_wconf 90' lang='lat' dir='ltr'>multo</span> <span class='ocrx_word' id='word_1_258' title='bbox 1191 3336 1268 3411; x_wconf 88' lang='lat' dir='ltr'>post</span> <span class='ocrx_word' id='word_1_259' title='bbox 1281 3315 1432 3417; x_wconf 51' lang='grc' dir='ltr'>ζξᾞξῇζζᾱ</span> 
     </span>
    </p>
   </div>
   <div class='ocr_carea' id='block_1_14' title="bbox 159 3414 1432 4140">
    <p class='ocr_par' dir='ltr' id='par_1_15' title="bbox 159 3414 1432 3934">
     <span class='ocr_line' id='line_1_31' title="bbox 159 3414 1432 3520; baseline -0.005 -18"><span class='ocrx_word' id='word_1_260' title='bbox 159 3439 260 3503; x_wconf 80' lang='lat' dir='ltr'>frater</span> <span class='ocrx_word' id='word_1_261' title='bbox 276 3436 443 3502; x_wconf 91' lang='lat' dir='ltr'>Robertus</span> <span class='ocrx_word' id='word_1_262' title='bbox 463 3436 506 3501; x_wconf 93' lang='lat' dir='ltr'>de</span> <span class='ocrx_word' id='word_1_263' title='bbox 526 3436 744 3519; x_wconf 88' lang='lat' dir='ltr'>Kilwardeby</span> <span class='ocrx_word' id='word_1_264' title='bbox 762 3437 1030 3520; x_wconf 89' lang='lat' dir='ltr'>archiepiscopus</span> <span class='ocrx_word' id='word_1_265' title='bbox 1051 3434 1267 3500; x_wconf 89' lang='lat' dir='ltr'>Cantuarien-</span> <span class='ocrx_word' id='word_1_266' title='bbox 1281 3414 1432 3517; x_wconf 57' lang='grc' dir='ltr'>ξὲξξῗὲἑιη.</span> 
     </span>
     <span class='ocr_line' id='line_1_32' title="bbox 159 3515 1388 3625; baseline -0.003 -20"><span class='ocrx_word' id='word_1_267' title='bbox 159 3544 203 3606; x_wconf 92' lang='lat' dir='ltr'>sis</span> <span class='ocrx_word' id='word_1_268' title='bbox 226 3543 269 3606; x_wconf 88' lang='lat' dir='ltr'>de</span> <span class='ocrx_word' id='word_1_269' title='bbox 291 3542 407 3606; x_wconf 89' lang='lat' dir='ltr'>ordine</span> <span class='ocrx_word' id='word_1_270' title='bbox 430 3541 677 3625; x_wconf 91' lang='lat' dir='ltr'>predicatorum</span> <span class='ocrx_word' id='word_1_271' title='bbox 701 3540 852 3603; x_wconf 90' lang='lat' dir='ltr'>uisitauit</span> <span class='ocrx_word' id='word_1_272' title='bbox 874 3540 1046 3623; x_wconf 89' lang='lat' dir='ltr'>dyocesim</span> <span class='ocrx_word' id='word_1_273' title='bbox 1078 3539 1267 3620; x_wconf 87' lang='lat' dir='ltr'>Elyensem.</span> <span class='ocrx_word' id='word_1_274' title='bbox 1282 3515 1388 3609; x_wconf 40' lang='lat' dir='ltr'>litim·</span> 
     </span>
     <span class='ocr_line' id='line_1_33' title="bbox 160 3618 1367 3726; baseline -0.006 -16"><span class='ocrx_word' id='word_1_275' title='bbox 160 3647 255 3710; x_wconf 92' lang='lat' dir='ltr'>Tunc</span> <span class='ocrx_word' id='word_1_276' title='bbox 278 3645 367 3710; x_wconf 90' lang='lat' dir='ltr'>idem</span> <span class='ocrx_word' id='word_1_277' title='bbox 392 3646 502 3709; x_wconf 90' lang='lat' dir='ltr'>Lucas</span> <span class='ocrx_word' id='word_1_278' title='bbox 524 3666 636 3709; x_wconf 91' lang='lat' dir='ltr'>coram</span> <span class='ocrx_word' id='word_1_279' title='bbox 659 3644 779 3709; x_wconf 90' lang='lat' dir='ltr'>eodem</span> <span class='ocrx_word' id='word_1_280' title='bbox 803 3643 1052 3726; x_wconf 89' lang='lat' dir='ltr'>archiepiscopo</span> <span class='ocrx_word' id='word_1_281' title='bbox 1078 3641 1162 3705; x_wconf 84' lang='lat' dir='ltr'>salso</span> <span class='ocrx_word' id='word_1_282' title='bbox 1191 3661 1268 3723; x_wconf 85' lang='lat' dir='ltr'>sug·</span> <span class='ocrx_word' id='word_1_283' title='bbox 1281 3618 1367 3679; x_wconf 49' lang='grc' dir='ltr'>Μ’</span> 
     </span>
     <span class='ocr_line' id='line_1_34' title="bbox 160 3741 1269 3831; baseline -0.005 -19"><span class='ocrx_word' id='word_1_284' title='bbox 160 3768 278 3831; x_wconf 82' lang='lat' dir='ltr'>gerens</span> <span class='ocrx_word' id='word_1_285' title='bbox 298 3747 388 3831; x_wconf 91' lang='lat' dir='ltr'>quod</span> <span class='ocrx_word' id='word_1_286' title='bbox 410 3748 533 3811; x_wconf 91' lang='lat' dir='ltr'>vicaria</span> <span class='ocrx_word' id='word_1_287' title='bbox 552 3768 613 3811; x_wconf 89' lang='lat' dir='ltr'>sua</span> <span class='ocrx_word' id='word_1_288' title='bbox 633 3748 680 3811; x_wconf 89' lang='lat' dir='ltr'>ita</span> <span class='ocrx_word' id='word_1_289' title='bbox 700 3756 771 3810; x_wconf 89' lang='lat' dir='ltr'>erat</span> <span class='ocrx_word' id='word_1_290' title='bbox 787 3746 896 3809; x_wconf 91' lang='lat' dir='ltr'>tenuis</span> <span class='ocrx_word' id='word_1_291' title='bbox 911 3753 946 3809; x_wconf 89' lang='lat' dir='ltr'>et</span> <span class='ocrx_word' id='word_1_292' title='bbox 960 3744 1069 3821; x_wconf 88' lang='lat' dir='ltr'>exilis,</span> <span class='ocrx_word' id='word_1_293' title='bbox 1084 3743 1174 3827; x_wconf 93' lang='lat' dir='ltr'>quod</span> <span class='ocrx_word' id='word_1_294' title='bbox 1192 3741 1269 3807; x_wconf 90' lang='lat' dir='ltr'>inde</span> 
     </span>
     <span class='ocr_line' id='line_1_35' title="bbox 159 3848 1268 3934; baseline -0.005 -19"><span class='ocrx_word' id='word_1_295' title='bbox 159 3852 337 3917; x_wconf 89' lang='lat' dir='ltr'>sustentari</span> <span class='ocrx_word' id='word_1_296' title='bbox 357 3871 424 3915; x_wconf 93' lang='lat' dir='ltr'>non</span> <span class='ocrx_word' id='word_1_297' title='bbox 440 3851 559 3934; x_wconf 88' lang='lat' dir='ltr'>potuit,</span> <span class='ocrx_word' id='word_1_298' title='bbox 575 3850 676 3934; x_wconf 89' lang='lat' dir='ltr'>pecijt</span> <span class='ocrx_word' id='word_1_299' title='bbox 691 3850 883 3933; x_wconf 89' lang='lat' dir='ltr'>porcionem</span> <span class='ocrx_word' id='word_1_300' title='bbox 901 3848 1021 3912; x_wconf 89' lang='lat' dir='ltr'>vicarie</span> <span class='ocrx_word' id='word_1_301' title='bbox 1037 3868 1095 3911; x_wconf 92' lang='lat' dir='ltr'>sue</span> <span class='ocrx_word' id='word_1_302' title='bbox 1110 3867 1268 3930; x_wconf 84' lang='lat' dir='ltr'>augmen·</span> 
     </span>
    </p>

    <p class='ocr_par' dir='ltr' id='par_1_16' title="bbox 159 3948 1269 4035">
     <span class='ocr_line' id='line_1_36' title="bbox 159 3948 1269 4035; baseline -0.005 -17"><span class='ocrx_word' id='word_1_303' title='bbox 159 3955 231 4018; x_wconf 90' lang='lat' dir='ltr'>tari.</span> <span class='ocrx_word' id='word_1_304' title='bbox 277 3952 449 4018; x_wconf 91' lang='lat' dir='ltr'>Predictus</span> <span class='ocrx_word' id='word_1_305' title='bbox 469 3973 549 4017; x_wconf 91' lang='lat' dir='ltr'>uero</span> <span class='ocrx_word' id='word_1_306' title='bbox 569 3953 836 4035; x_wconf 87' lang='lat' dir='ltr'>archiepiscopus</span> <span class='ocrx_word' id='word_1_307' title='bbox 853 3972 911 4034; x_wconf 92' lang='lat' dir='ltr'>per</span> <span class='ocrx_word' id='word_1_308' title='bbox 932 3952 1058 4015; x_wconf 89' lang='lat' dir='ltr'>litteras</span> <span class='ocrx_word' id='word_1_309' title='bbox 1078 3970 1155 4013; x_wconf 90' lang='lat' dir='ltr'>suas</span> <span class='ocrx_word' id='word_1_310' title='bbox 1176 3948 1269 4014; x_wconf 88' lang='lat' dir='ltr'>dedit</span> 
     </span>
    </p>

    <p class='ocr_par' dir='ltr' id='par_1_17' title="bbox 160 4054 1269 4140">
     <span class='ocr_line' id='line_1_37' title="bbox 160 4054 1269 4140; baseline -0.004 -19"><span class='ocrx_word' id='word_1_311' title='bbox 160 4059 193 4121; x_wconf 93' lang='lat' dir='ltr'>in</span> <span class='ocrx_word' id='word_1_312' title='bbox 210 4058 407 4122; x_wconf 90' lang='lat' dir='ltr'>mandatum</span> <span class='ocrx_word' id='word_1_313' title='bbox 424 4057 585 4140; x_wconf 85' lang='lat' dir='ltr'>magistro</span> <span class='ocrx_word' id='word_1_314' title='bbox 597 4056 738 4140; x_wconf 86' lang='lat' dir='ltr'>Symoni</span> <span class='ocrx_word' id='word_1_315' title='bbox 754 4055 798 4119; x_wconf 93' lang='lat' dir='ltr'>de</span> <span class='ocrx_word' id='word_1_316' title='bbox 816 4054 1045 4119; x_wconf 89' lang='lat' dir='ltr'>Huntendone</span> <span class='ocrx_word' id='word_1_317' title='bbox 1059 4063 1094 4118; x_wconf 93' lang='lat' dir='ltr'>et</span> <span class='ocrx_word' id='word_1_318' title='bbox 1109 4054 1269 4136; x_wconf 85' lang='lat' dir='ltr'>magistro</span> 
     </span>
    </p>
   </div>
   <div class='ocr_carea' id='block_1_15' title="bbox 163 4159 1269 4245">
    <p class='ocr_par' dir='ltr' id='par_1_18' title="bbox 163 4159 1269 4245">
     <span class='ocr_line' id='line_1_38' title="bbox 163 4159 1269 4245; baseline -0.005 -18"><span class='ocrx_word' id='word_1_319' title='bbox 163 4162 352 4245; x_wconf 83' lang='lat' dir='ltr'>Reginaldo</span> <span class='ocrx_word' id='word_1_320' title='bbox 361 4161 404 4226; x_wconf 92' lang='lat' dir='ltr'>de</span> <span class='ocrx_word' id='word_1_321' title='bbox 414 4160 586 4227; x_wconf 85' lang='lat' dir='ltr'>Stamlord</span> <span class='ocrx_word' id='word_1_322' title='bbox 596 4161 693 4224; x_wconf 88' lang='lat' dir='ltr'>huius</span> <span class='ocrx_word' id='word_1_323' title='bbox 705 4159 993 4243; x_wconf 84' lang='lat' dir='ltr'>augmentacionis</span> <span class='ocrx_word' id='word_1_324' title='bbox 1005 4159 1269 4235; x_wconf 89' lang='lat' dir='ltr'>exsecucionem‚</span> 
     </span>
    </p>
   </div>
   <div class='ocr_carea' id='block_1_16' title="bbox 307 4289 1180 4439">
    <p class='ocr_par' dir='ltr' id='par_1_19' title="bbox 307 4289 1180 4439">
     <span class='ocr_line' id='line_1_39' title="bbox 307 4289 563 4356; baseline -0.004 -16"><span class='ocrx_word' id='word_1_325' title='bbox 307 4289 317 4321; x_wconf 90' lang='lat'>¹</span> <span class='ocrx_word' id='word_1_326' title='bbox 334 4300 485 4356; x_wconf 77' lang='lat' dir='ltr'>presentem,</span> <span class='ocrx_word' id='word_1_327' title='bbox 506 4290 563 4340; x_wconf 89' lang='lat' dir='ltr'>MS.</span> 
     </span>
     <span class='ocr_line' id='line_1_40' title="bbox 307 4369 1180 4439; baseline -0.006 -15"><span class='ocrx_word' id='word_1_328' title='bbox 307 4370 318 4403; x_wconf 85' lang='lat'>²</span> <span class='ocrx_word' id='word_1_329' title='bbox 334 4372 390 4424; x_wconf 83' lang='lat' dir='ltr'>The</span> <span class='ocrx_word' id='word_1_330' title='bbox 401 4372 570 4439; x_wconf 74' lang='lat' dir='ltr'>Augustiniau</span> <span class='ocrx_word' id='word_1_331' title='bbox 583 4372 670 4438; x_wconf 82' lang='lat' dir='ltr'>Priory</span> <span class='ocrx_word' id='word_1_332' title='bbox 680 4371 710 4422; x_wconf 87' lang='lat' dir='ltr'>ol</span> <span class='ocrx_word' id='word_1_333' title='bbox 718 4372 748 4423; x_wconf 88' lang='lat' dir='ltr'>St</span> <span class='ocrx_word' id='word_1_334' title='bbox 760 4372 834 4423; x_wconf 85' lang='lat' dir='ltr'>Peter</span> <span class='ocrx_word' id='word_1_335' title='bbox 845 4371 895 4421; x_wconf 83' lang='lat' dir='ltr'>end</span> <span class='ocrx_word' id='word_1_336' title='bbox 907 4370 936 4422; x_wconf 90' lang='lat' dir='ltr'>St</span> <span class='ocrx_word' id='word_1_337' title='bbox 949 4370 1011 4421; x_wconf 79' lang='lat' dir='ltr'>Paul</span> <span class='ocrx_word' id='word_1_338' title='bbox 1023 4378 1048 4421; x_wconf 83' lang='lat' dir='ltr'>at</span> <span class='ocrx_word' id='word_1_339' title='bbox 1060 4369 1180 4436; x_wconf 84' lang='lat' dir='ltr'>Ipswich.</span> 
     </span>
    </p>
   </div>
   <div class='ocr_carea' id='block_1_17' title="bbox 0 0 1613 5067">
    <p class='ocr_par' dir='ltr' id='par_1_20' title="bbox 0 0 1613 5067">
     <span class='ocr_line' id='line_1_41' title="bbox 0 0 1613 5067; baseline 0 0"><span class='ocrx_word' id='word_1_340' title='bbox 0 0 1613 5067; x_wconf 95' lang='lat' dir='ltr'> </span> 
     </span>
    </p>
   </div>
  </div>
 </body>
</html>
