3192 5067
330 305 402 378 270
604 287 800 360 Hundred
820 287 872 384 os
886 287 1163 362 Nomancross
1313 285 1439 385 [soox

326 471 414 536 villis
437 483 528 538 tenet
548 473 577 558 J.
598 475 641 538 de
663 473 807 538 Grauele
830 474 966 539 feodum
989 474 1055 557 iiij.
1078 475 1183 558 partis
1203 473 1234 558 .j.
1254 473 1370 538 militis
1391 472 1440 534 de

326 575 425 641 feodo
442 575 603 642 Bullonie.
635 578 721 642 Item
735 577 798 663 [in]
810 579 937 642 eisdem
949 578 1037 642 villis
1048 578 1266 643 Theobaldus
1281 579 1324 642 de
1335 576 1440 660 Leky

325 691 419 747 tenet
441 682 576 747 feodum
600 692 719 766 quarte
740 683 847 766 partis
869 683 898 765 .j.
923 683 1038 748 militis
1060 683 1103 747 de
1125 683 1225 747 feodo
1248 682 1411 750 Bullonie.

210 811 225 862 f.
245 831 251 864 ,
258 815 313 877 54ι,
393 785 570 850 Cestretone
584 783 825 869 [Chesterton].
860 784 1014 868 Nigellus
1029 785 1073 850 de
1087 785 1326 850 Amandeuille
1341 795 1440 850 tenet

326 889 459 954 feodum
477 891 505 972 .j.
523 890 638 954 militis
654 891 696 954 de
712 890 813 955 feodo
826 889 989 954 Bullonie.
1036 891 1075 955 ln
1087 890 1208 955 eadem
1223 891 1377 974 Rogems
1391 890 1439 952 de

325 995 485 1060 Canteleu
502 1007 536 1060 et
555 995 722 1060 Heni-icus
736 998 780 1060 de
796 995 988 1061 waldefeld
1009 1007 1127 1061 tenent
1146 995 1282 1060 feodum
1301 995 1439 1060 dimidii

328 1205 421 1268 Idem
440 1205 592 1287 Rogerus
607 1215 641 1270 et
659 1205 827 1270 Henricus
842 1206 968 1270 debent
983 1207 1012 1288 .j.
1028 1216 1164 1271 sectam.

389 1308 575 1374 Alwaltone
600 1310 810 1395 [Alwalton].
855 1311 988 1375 Flixton
1019 1310 1193 1394 [Fletton].
1240 1311 1359 1374 Abbas
1390 1307 1437 1372 de

326 1413 437 1496 Burgo
460 1422 552 1479 tenet
575 1415 724 1480 maneria
748 1415 781 1480 in
804 1415 997 1481 elemosina.

390 1515 549 1582 Euertom
593 1517 725 1582 Wauter
760 1517 884 1602 [Orton
922 1518 1140 1602 Waterville}
1193 1517 1353 1582 Warinus
1389 1518 1435 1581 de

324 1620 460 1686 Vernun
487 1631 581 1686 tenet
603 1621 738 1686 feodum
764 1623 895 1687 dimidii
926 1624 1041 1688 militis
1068 1621 1167 1687 simul
1193 1643 1270 1686 cum
1297 1621 1436 1703 Nigello

323 1727 366 1790 de
378 1726 623 1791 Amandeuille.
664 1726 709 1790 Et
724 1737 802 1792 sunt
818 1727 864 1790 ibi
880 1750 919 1794 .v.
931 1729 1010 1792 hide
1021 1727 1217 1810 geldabiles,
1227 1737 1262 1790 et
1274 1725 1437 1789 Warinus

323 1830 424 1894 debet
440 1850 540 1895 vnam
557 1840 692 1894 sectam.

389 1935 550 2000 Euertone
584 1934 776 2018 Lungsnil}
812 1933 936 2018 [Orton
976 1933 1218 2018 Longueville}
1265 1935 1436 1998 Henrieus

327 2039 504 2122 Longuille
529 2048 622 2103 tenet
652 2039 786 2104 feodum
814 2040 845 2122 .j.
872 2041 987 2104 militis
1012 2041 1057 2104 de
1083 2040 1184 2104 feodo
1212 2039 1371 2113 Luuetot,
1398 2047 1435 2102 et

325 2153 417 2209 tenet
440 2165 477 2208 .v.
500 2144 596 2208 hidas
620 2144 807 2227 geldabiles
833 2155 867 2210 et
889 2146 992 2210 debet
1014 2145 1042 2227 .j.
1066 2154 1202 2210 sectam.

389 2246 598 2330 Botulsbn'ge
613 2247 775 2333 [Botulph
799 2249 946 2332 Bridge}
992 2248 1201 2331 Reginaldus
1220 2249 1265 2312 de
1282 2247 1434 2312 Heddoii

324 2361 435 2417 custos
461 2352 592 2417 heredis
615 2353 774 2417 Willelmi
803 2353 846 2417 de
873 2353 1000 2435 Ginges
1025 2364 1118 2420 tenet
1141 2353 1181 2437 ij.
1205 2363 1318 2438 partes
1341 2353 1435 2418 feodi

323 2457 351 2539 .j.
369 2457 483 2522 militis
499 2458 542 2521 de
556 2457 696 2522 domino
713 2459 816 2540 Rege.
862 2458 909 2523 Et
923 2469 1002 2522 sunt
1018 2459 1063 2523 ibi
1079 2481 1118 2526 .v.
1133 2460 1212 2524 hide
1226 2457 1422 2542 geldabiles.

397 2559 618 2646 W[od]estone
637 2560 885 2645 [woodstoneJ.
931 2563 1049 2627 Abbas
1072 2563 1115 2629 de
1135 2564 1316 2646 Thorneya
1338 2573 1434 2628 tenet

324 2667 508 2731 manerium
536 2667 568 2730 in
600 2667 703 2731 libera
733 2667 925 2732 elemosina„
970 2667 1017 2733 Et
1045 2669 1145 2733 Eudo
1173 2670 1218 2733 de
1248 2668 1366 2732 eadem
1395 2678 1435 2732 et

323 2772 501 2854 participes
524 2771 576 2835 sui
599 2770 724 2836 debent
746 2791 847 2835 vnam
871 2781 1007 2835 sectam.

389 2873 530 2939 Selitone
544 2871 707 2957 [Stilton].
752 2873 865 2938 Alicia
883 2875 927 2939 de
942 2875 1160 2940 Amandeuill
1180 2885 1274 2940 tenet
1294 2873 1432 2938 feodum

322 2979 452 3043 dimidii
475 2977 590 3042 militis
613 2987 756 3061 excepta
779 2987 862 3042 ,xx·.
886 2988 989 3061 parte,
1012 2987 1046 3042 et
1069 2978 1171 3043 debet
1193 2977 1223 3060 .j.
1246 2988 1372 3042 sectam
1395 2987 1432 3042 et

322 3092 415 3148 tenet
436 3082 489 3166 iij.
512 3083 609 3146 hidas
632 3081 827 3164 geldabiles.
871 3082 1022 3147 Thomas
1044 3083 1088 3146 de
1115 3081 1241 3148 Stilton
1268 3091 1304 3146 et
1327 3083 1432 3166 parti-

321 3188 411 3272 cipes
426 3188 478 3252 sui
493 3195 611 3252 tenent
626 3185 762 3251 feodum
780 3186 809 3270 .j.
826 3188 941 3251 militis
955 3189 1000 3252 de
1013 3189 1172 3271 episcopo
1195 3187 1433 3254 Lincolniensi.

389 3289 589 3375 Stangrund
600 3288 871 3374 [Standground]
907 3341 915 3355 .
962 3291 1081 3357 Abbas
1090 3291 1133 3355 de
1144 3291 1325 3373 Thorneya
1337 3300 1431 3356 tenet

387 3392 592 3459 Faresheued
604 3392 752 3478 [Fercet]
912 3396 1003 3460 dicta
1019 3396 1168 3460 maneria
1185 3395 1219 3458 in
1241 3395 1344 3460 libera
1363 3397 1431 3460 ele-

382 3498 510 3584 Jakelle
523 3496 689 3582 [Yaxley]
875 3488 895 3679 J
913 3499 1052 3563 mosina„
1128 3499 1168 3562 In
1234 3499 1429 3581 Stangrund

386 3614 422 3669 et
437 3602 576 3667 Hadone
591 3601 774 3686 [Haddon]
912 3602 1124 3668 Thurstanus
1193 3603 1255 3688 [et]
1325 3604 1430 3687 Hugo

323 3708 459 3773 Gemun
480 3707 604 3772 debent
628 3706 656 3790 .j.
679 3717 815 3771 sectam.
863 3707 902 3770 In
924 3707 1035 3791 Jakell
1056 3708 1229 3791 Johannes
1243 3709 1280 3776 ,le
1301 3709 1374 3791 Eyr
1395 3719 1430 3774 et

322 3813 433 3877 Alicia
453 3813 495 3877 de
517 3811 638 3875 Boleur
659 3810 760 3894 s[ilia]
778 3811 905 3876 debent
924 3811 953 3894 .j.
969 3821 1105 3876 sectam.
1152 3813 1192 3876 ln
1212 3813 1330 3877 eadem
1350 3812 1431 3877 villa

321 3919 451 3983 Ysolda
466 3926 500 3982 et
515 3937 644 3981 sorores
659 3938 718 3981 sue
734 3917 861 3982 debent
875 3917 905 3999 .j.
920 3927 1056 3982 sectam.
1097 3917 1135 3980 ln
1154 3916 1304 3982 Haddon
1318 3918 1430 3984 Alicia

321 4023 364 4087 de
382 4022 531 4087 Haddon
547 4019 648 4087 debet
663 4041 763 4085 vnam
780 4031 915 4086 sectam.
1573 4046 1574 4103 ς

386 4123 773 4209 Morbume[Morborn].
799 4125 919 4192 Abbas
928 4125 971 4190 de
982 4125 1318 4210 Croyland¹tenet,et
1327 4127 1431 4195 debet
1573 4136 1574 4141 ’

322 4233 349 4296 .i.
365 4241 490 4296 sectam
509 4241 543 4295 et
559 4232 740 4313 wardpeny
756 4240 790 4294 et
806 4231 849 4294 de
864 4231 993 4295 auxilio
1006 4232 1212 4296 vicecomitis
1227 4232 1308 4315 ,xjs
1323 4233 1431 4316 quad-

321 4347 457 4402 tantem.

761 4461 770 4493 ¹
788 4463 910 4526 emund,
921 4463 978 4514 MS.
