3192 5067
344 327 413 398 ²³²
554 306 657 379 How
681 305 743 378 the
767 307 910 403 Brrhop
934 307 982 404 os
999 306 1079 404 Ely
1103 305 1237 378 caused
1322 305 1445 404 [noorr

341 489 529 544 Tberaurario
539 503 568 545 et
582 491 744 546 camerario
756 493 793 546 de
805 492 949 546 scaccario
961 503 1059 545 nostro
1070 491 1197 562 predicto
1209 491 1361 545 liberantis
1400 491 1445 543 De

265 575 285 625 l·
296 577 329 640 89
340 595 397 648 qua
412 578 530 648 pecunie
547 595 658 633 summa
677 579 753 649 ipsos
773 580 898 634 Priorem
916 592 945 634 et
963 591 1136 634 conuentum
1152 595 1251 634 versus
1262 594 1447 649 quoscunque

341 665 508 736 indempnes
520 667 649 722 volumus
662 684 839 722 consumare.

396 755 428 808 ln
442 756 521 810 cuius
534 755 573 810 rei
587 754 780 810 testimonium
798 756 851 810 has
863 755 971 811 litteras
981 765 1093 810 nostras
1105 754 1165 807 lieri
1178 754 1295 806 lecimus
1307 763 1445 822 patentes

341 843 426 896 Teste
447 843 598 898 venerabili
616 853 696 911 patre
718 843 861 896 Willelmo
881 843 1055 896 Batbonensi
1073 851 1103 896 et
1121 841 1258 894 wellensi
1278 839 1446 910 Episcopo&

340 931 514 986 thesaurario
527 943 632 997 nostro,
645 931 721 1000 apud
734 932 1020 986 westmonasterium
1031 931 1122 999 axvij.
1134 930 1182 983 die
1199 928 1265 998 Julij
1278 946 1354 982 anno
1365 929 1445 997 regni

341 1019 428 1074 nostri
438 1019 575 1075 vicesimo
588 1021 722 1076 secundo.

499 1311 550 1376 45.
595 1293 728 1360 Littera
749 1304 922 1358 coronentur
941 1314 1083 1356 coracessa
1104 1291 1286 1356 vrcacom'ti.

178 1437 330 1540 mx„
410 1443 454 1506 Et
477 1443 647 1507 sciendum
669 1443 759 1526 quod
776 1443 960 1504 vicecomes
982 1441 1071 1523 cepit
1092 1441 1274 1521 prioratum
1293 1447 1442 1500 nostrum

177 1539 323 1639 diiii}-
342 1547 375 1610 in
400 1567 499 1610 manu
526 1547 628 1630 Regis
650 1549 704 1611 die
723 1547 852 1610 veneris
874 1556 954 1609 ante
976 1545 1097 1608 testum
1118 1553 1233 1608 sancte
1254 1542 1444 1624 Margarete

177 1639 305 1742 fficio
342 1651 501 1734 uirginis²,
516 1660 551 1715 et
567 1652 741 1716 retradidit
756 1651 926 1733 seysinam
941 1651 996 1714 die
1011 1651 1116 1713 sancti
1135 1649 1223 1712 Petri
1238 1648 1282 1711 ad
1297 1647 1446 1711 uincula⁸

177 1739 283 1831 lilffi'
340 1777 416 1820 cum
440 1755 595 1820 omnibus
620 1757 731 1820 medio
753 1767 905 1838 tempore
926 1756 1003 1818 inde
1023 1755 1197 1837 perceptis,
1212 1763 1246 1816 et
1267 1772 1366 1836 super
1380 1752 1444 1814 hoc

177 1838 327 1931 llllll‘
340 1859 457 1924 habuit
470 1861 654 1924 vicecomes
667 1861 811 1924 litteram
825 1871 995 1944 patentem
1008 1859 1119 1942 sigillo
1129 1857 1265 1942 capituli
1276 1859 1444 1940 signatam

177 1939 309 2040 iiiii-2.
340 1964 459 2028 eodem
475 1964 530 2028 die
545 1965 651 2028 sancti
674 1964 762 2028 Petri
782 1966 825 2029 ad
848 1965 980 2028 uincula
1000 1965 1057 2047 qui
1073 1964 1215 2046 contigit
1229 1983 1271 2026 eo
1285 1981 1374 2026 anno
1389 1960 1444 2023 die

179 2049 235 2090 '²⁹⁴'
339 2067 527 2145 dominica;
557 2079 591 2131 et
618 2067 679 2131 luit
707 2069 817 2131 littera
843 2066 1096 2150 cyrographata,
1121 2067 1208 2128 vnde
1237 2065 1341 2128 altera
1367 2083 1445 2145 pars

340 2173 498 2237 remansit
520 2173 615 2236 nobis
635 2173 745 2256 sigillo
766 2173 893 2236 domini
917 2173 1055 2234 Roberti
1077 2172 1120 2235 de
1142 2171 1213 2234 Len
1229 2171 1370 2252 signata,
1384 2169 1443 2250 qui

339 2289 409 2342 erat
421 2289 547 2354 custos;
561 2288 595 2342 et
611 2287 722 2361 potest
735 2279 798 2341 ista
811 2277 921 2341 littera
933 2276 1072 2339 inueniri
1085 2277 1170 2339 inter
1181 2273 1444 2356 composiciones

339 2383 372 2446 in
388 2383 471 2448 cista
486 2393 650 2448 cartarum
667 2385 693 2447 si
711 2403 845 2448 necesse
861 2382 968 2446 luerit.

361 2691 412 2770 46.
460 2689 567 2756 Causa
587 2709 688 2772 quare
709 2689 782 2752 Κατ
801 2689 936 2769 srysiuit
949 2689 1137 2771 prioratum
1160 2687 1199 2750 da
1220 2685 1419 2750 Bernewela.

177 2823 297 2925 *plffl‘
408 2837 602 2900 lllemoriter
624 2846 675 2898 est
699 2835 908 2898 retinendum
932 2835 1022 2917 quod
1046 2833 1203 2896 dominus
1227 2831 1444 2916 W[illelmus]

175 2929 284 3017 iffi?
297 2923 327 2965 δ’
341 2943 517 3024 episcopus
547 2939 700 3022 Elycnsis
724 2938 785 3001 luit
808 2959 909 3001 causa
930 2959 1068 3001 mouens
1089 2959 1190 3020 quare
1215 2937 1380 3000 Prioratus
1401 2937 1445 3000 de

343 3046 542 3110 Bernewelle
567 3057 683 3127 captus
709 3044 770 3107 luit
801 3045 833 3106 in
865 3064 984 3106 manus
1012 3044 1122 3124 Regis.
1171 3043 1261 3105 Prior
1289 3045 1376 3105 enim
1401 3042 1445 3105 de

342 3151 542 3214 Bernewelle
557 3149 737 3231 deputatus
760 3148 821 3212 luit
839 3147 996 3211 collector
1014 3148 1144 3210 decime
1159 3146 1392 3227 temporalium
1410 3149 1442 3207 in

338 3257 534 3339 episcopatu
558 3254 693 3336 Elyensi
710 3254 848 3316 domino
866 3253 950 3334 Regi
969 3251 1135 3316 Edwardo
1150 3253 1192 3315 ad
1210 3273 1271 3315 sex
1286 3272 1393 3313 annos
1410 3253 1443 3314 in

339 3360 523 3423 subsidium
564 3372 647 3423 terre
685 3368 798 3422 sancte
835 3379 1001 3433 concesse,
1030 3368 1064 3421 et
1101 3357 1248 3440 pepercit
1284 3357 1444 3438 episcopo

339 3474 500 3547 tanquam
528 3463 623 3545 patri,
653 3483 719 3525 non
751 3464 840 3526 enim
874 3464 978 3526 uoluit
1012 3463 1120 3545 ipsum
1152 3463 1444 3526 excommunicare

339 3571 425 3633 sicut
454 3578 487 3632 et
517 3577 646 3632 ceteros
684 3587 750 3630 non
785 3567 962 3642 soluentes
992 3568 1070 3650 quia
1107 3567 1283 3648 episcopus
1313 3587 1445 3648 semper

340 3675 488 3756 permisit
510 3695 546 3738 se
576 3673 763 3755 acquietare
785 3693 865 3754 erga
887 3692 1013 3736 omnes.
1061 3673 1099 3736 ln
1123 3674 1225 3736 tercio
1248 3693 1326 3736 uero
1353 3691 1443 3735 anno

340 3779 511 3843 mandauit
535 3800 594 3843 rex
617 3777 707 3860 quod
731 3787 804 3841 tota
826 3779 968 3860 pecunia
990 3777 1033 3840 de
1055 3778 1161 3841 tribus
1183 3778 1279 3840 annis
1301 3777 1442 3840 collecta

341 3883 526 3946 mitteretur
548 3882 590 3946 ad
613 3883 825 3958 scaccarium,
842 3886 920 3965 quia
942 3882 1138 3946 imminebat
1160 3884 1222 3945 sibi
1243 3904 1362 3965 guerra
1382 3903 1442 3964 pro

341 3989 507 4052 Vasconia
527 3989 664 4071 perdita.
710 3989 755 4051 Et
776 3989 855 4071 quia
873 3989 1048 4071 episcopus
1071 3988 1225 4070 Elyensis
1247 3989 1290 4051 de
1312 3987 1442 4050 decima

338 4093 437 4156 trium
451 4113 613 4155 annorum
630 4093 739 4174 ipsum
756 4094 971 4174 contingente
987 4092 1131 4156 debebat
1143 4093 1252 4155 adlmc
1265 4104 1443 4156 sexcentas

339 4197 447 4272 libras,
470 4217 530 4260 nec
554 4196 670 4261 habuit
694 4197 869 4278 pecuniam
893 4208 1055 4278 paratam,
1078 4197 1295 4280 W[illelmus]
1318 4197 1441 4260 Batho-

403 4366 411 4398 ¹
430 4367 478 4419 See
490 4369 579 4426 above,
591 4385 615 4434 p.
632 4383 688 4434 arp-
877 4367 889 4400 ²
907 4369 1013 4434 13July.
1215 4369 1226 4401 ³
1246 4386 1255 4419 ι
1270 4371 1375 4434 August.
