3192 5067
350 289 423 362 314
628 265 789 341 Tmanls
816 265 857 339 in
893 263 1156 360 Whitllefford
1351 261 1462 361 [poor

345 459 381 516 et
395 459 518 515 terram
536 449 613 516 Ade
634 451 666 516 le
681 450 811 526 Chanu,
827 458 861 514 et
879 449 1037 515 abuttant
1056 467 1156 532 super
1174 457 1306 512 terram
1325 448 1462 512 Walteri

346 555 377 620 le
407 553 628 638 Frankeleyn.
674 555 770 620 Idem
797 563 890 619 tenet
921 555 955 618 in
981 553 1101 618 eodem
1128 573 1254 636 campo
1281 554 1346 618 ‚irc
1376 575 1463 617 aeras

346 668 433 724 terre
448 661 536 724 inter
549 668 673 724 terram
688 657 821 723 Thome
836 659 879 724 de
896 657 1005 722 Morle
1020 667 1054 722 et
1068 647 1191 722 terram
1204 677 1273 741 que
1286 660 1463 741 quondam

346 765 407 830 suit
435 764 567 829 Thome
592 764 689 828 Akat
713 773 749 828 et
774 764 932 828 abuttant
962 784 1061 846 super
1090 773 1212 828 terram
1247 763 1398 828 Radulfi
1426 766 1464 828 de

347 867 578 934 Dokeswrthe.
633 868 720 933 Item
756 877 851 932 tenet
880 867 908 951 .j.
940 887 1051 931 acram
1087 877 1121 932 et
1155 867 1344 932 dimidiam
1379 869 1463 952 apud

348 971 485 1036 Estmor
520 972 606 1036 inter
641 980 763 1036 terram
794 969 954 1034 Willelmi
987 969 1044 1054 filij
1077 971 1202 1053 Rogeri
1240 971 1401 1036 Bercarii
1435 983 1464 1036 et

347 1084 468 1140 terram
491 1075 685 1157 Baldewyni
705 1074 749 1140 de
772 1074 925 1156 Romely.
974 1075 1058 1140 Item
1082 1085 1174 1140 tenet
1195 1096 1232 1141 .v.
1255 1095 1362 1140 acras
1383 1087 1463 1140 terre

348 1179 474 1244 scilicet
489 1179 520 1243 Ie
536 1178 650 1262 Sotys,
664 1189 699 1243 et
713 1178 872 1244 abuttant
887 1199 987 1262 super
1004 1180 1190 1244 Ruestrate.

681 1283 823 1351 Summa
838 1284 940 1367 ‚xviii
956 1291 1045 1348 acre¹
1061 1295 1095 1350 et
1110 1284 1251 1350 dimidia
1268 1295 1307 1350 et
1325 1286 1358 1368 .j.
1376 1289 1464 1351 roda

414 1389 592 1474 Preceptor
613 1391 656 1455 de
680 1389 903 1456 Dokeswrthe
926 1400 1018 1455 tenet
1041 1391 1073 1454 in
1098 1389 1265 1474 BrigeIeId
1291 1389 1325 1470 .j.
1353 1413 1464 1456 acram

347 1504 382 1559 et
401 1495 576 1560 dimidiam
596 1505 632 1559 et
653 1495 681 1577 .j.
702 1494 820 1559 rodam
841 1493 927 1558 inter
946 1503 1069 1558 terram
1090 1513 1230 1576 persone
1246 1493 1291 1556 de
1310 1495 1465 1576 Wytles-

349 1598 421 1664 sord
445 1609 478 1664 et
500 1609 623 1665 terram
648 1599 793 1684 Philippi
816 1599 860 1664 de
883 1599 1102 1683 Scyreburne,
1117 1609 1151 1663 et
1173 1600 1341 1664 abuttant
1366 1621 1466 1684 super

349 1715 469 1768 terram
493 1703 687 1786 Baldewyni
708 1703 752 1768 de
777 1703 929 1788 Romely.
978 1705 1063 1768 Item
1084 1711 1176 1767 tenet
1196 1704 1229 1766 in
1249 1701 1464 1769 Stonhilseld

232 1820 335 1886 truh
348 1805 401 1889 iij.
424 1825 517 1870 acras
539 1815 627 1870 terre
646 1805 733 1870 inter
754 1815 877 1870 terram
901 1806 1040 1889 predicti
1065 1805 1218 1889 Philippi,
1238 1814 1274 1868 et
1297 1805 1463 1870 abuttant

348 1931 448 1993 super
464 1910 651 1977 Ruestrate.
690 1910 785 1974 Idem
802 1921 895 1975 tenet
910 1911 939 1994 .j.
955 1929 1067 1974 acram
1083 1920 1168 1975 terre
1184 1918 1218 1973 et
1229 1909 1416 1975 dimidiam
1431 1913 1461 1974 in

348 2015 467 2080 eodem
497 2034 619 2098 campo
648 2015 735 2080 inter
764 2025 887 2080 terram
918 2015 1058 2099 predicti
1091 2014 1234 2097 Philippi
1264 2023 1301 2078 et
1334 2023 1461 2080 terram

347 2119 479 2184 Thome
493 2120 537 2185 de
553 2119 669 2197 Morle,
680 2129 715 2185 et
730 2120 887 2184 abuttant
902 2140 1002 2204 super
1019 2119 1225 2184 Ycuestrate.
1257 2117 1351 2182 Item
1368 2128 1461 2184 tenet

346 2222 388 2306 .ij.
418 2243 511 2286 acras
541 2231 627 2287 terre
657 2223 690 2286 in
721 2223 841 2288 eodem
877 2243 998 2306 campo
1033 2223 1119 2287 inter
1153 2232 1276 2286 terram
1315 2223 1459 2287 Hem-ici

206 2335 218 2358 ·
347 2327 516 2410 prepositi,
533 2337 571 2392 et
590 2336 712 2391 terram
736 2328 887 2392 Matildis
909 2328 953 2392 de
976 2327 1097 2403 Solers,
1117 2335 1152 2390 et
1174 2327 1334 2390 abuttant
1359 2347 1460 2410 super

348 2432 555 2497 Yeuestrate.
603 2433 688 2496 Item
705 2442 798 2497 tenet
813 2432 842 2516 .j.
859 2452 971 2497 acram
987 2442 1021 2497 et
1036 2431 1212 2496 dimidiam
1228 2431 1315 2493 inter
1331 2441 1457 2494 terram

348 2536 488 2620 predicti
510 2535 664 2619 Philippi,
678 2545 713 2600 et
733 2545 855 2600 terram
877 2557 942 2618 que
958 2535 1020 2599 fuit
1041 2535 1211 2618 quondam
1228 2533 1395 2616 Johannis
1416 2535 1457 2598 de

350 2639 522 2717 Herthow,
536 2651 571 2705 et
585 2640 743 2704 abuttant
758 2660 858 2723 super
873 2639 1108 2721 Stonhilweye.

742 2743 884 2809 Summa
899 2745 954 2808 .ix.
970 2764 1044 2807 acre
1059 2753 1094 2807 et
1109 2742 1250 2812 dimidia
1266 2753 1300 2806 et
1317 2743 1347 2825 .j.
1365 2743 1454 2807 roda

413 2848 563 2911 Thomas
589 2847 632 2910 de
657 2847 765 2911 Morle
790 2857 883 2912 tenet
910 2849 942 2910 in
972 2846 1138 2930 Brigeield
1167 2846 1219 2928 iij.
1246 2867 1341 2910 acras
1370 2857 1455 2910 terre

350 2953 435 3014 inter
456 2960 579 3014 terram
602 2949 744 3034 Philippi
765 2953 808 3014 de
831 2952 1041 3034 Scyreburne
1063 2959 1097 3014 et
1118 2951 1206 3012 viam
1228 2971 1293 3032 que
1315 2959 1456 3014 vocatur

349 3055 632 3137 Ykelitoneweye
679 3053 765 3118 Item
787 3064 879 3119 tenet
898 3055 932 3118 in
955 3053 1156 3120 Stonhilfeld
1178 3053 1231 3136 iij.
1253 3074 1347 3116 acras
1370 3063 1454 3117 terre

349 3169 383 3223 et
403 3159 587 3234 dimidiam,
602 3169 636 3222 et
653 3158 767 3241 jacent
786 3179 887 3242 super
908 3159 1040 3224 Stonhil
1063 3159 1148 3222 inter
1169 3170 1288 3222 terram
1312 3157 1454 3238 predicti

351 3263 495 3348 Philippi
516 3273 550 3328 et
570 3272 692 3328 terram
715 3263 875 3346 Symonis
897 3262 1102 3340 Mercatoris,
1122 3273 1155 3326 et
1176 3262 1334 3327 abuttant
1355 3283 1456 3345 super

348 3377 471 3433 terram
495 3368 689 3451 Baldewyni
712 3368 755 3433 de
777 3367 929 3450 Romely.
978 3369 1072 3432 ldem
1096 3377 1188 3432 tenet
1212 3369 1245 3431 in
1266 3389 1391 3450 campo
1413 3370 1455 3433 de

351 3473 562 3538 Holmesseld
578 3472 629 3554 iij.
645 3494 739 3538 acras
760 3482 855 3550 terre,
870 3482 904 3535 et
925 3473 1034 3536 iacent
1054 3493 1153 3556 super
1174 3471 1347 3556 Waytehil
1370 3473 1457 3536 inter

349 3587 470 3641 terram
491 3576 631 3660 predicti
653 3574 797 3659 Philippi
818 3586 852 3640 et
873 3585 993 3639 terram
1017 3574 1210 3659 Baldewyni
1233 3575 1276 3640 de
1297 3575 1457 3658 Romely.

351 3681 445 3747 Idem
468 3691 558 3746 tenet
574 3682 607 3745 In
626 3683 744 3746 eodem
763 3681 802 3764 ..ij
819 3701 911 3744 acras
933 3691 1018 3744 terre
1038 3690 1072 3744 et
1093 3681 1277 3757 dimidiam,
1293 3691 1328 3744 et
1344 3681 1456 3744 iacent

348 3805 449 3870 super
472 3787 642 3868 Waytehil
670 3788 754 3850 inter
780 3797 902 3850 terram
935 3786 1073 3870 predicti
1100 3786 1244 3869 Philippi
1269 3796 1303 3850 et
1331 3796 1455 3851 terram

349 3890 436 3954 Petri
472 3890 503 3953 le
538 3890 674 3972 Taylur,
703 3901 737 3953 et
772 3890 928 3953 abuttant
964 3912 1063 3974 super
1097 3899 1219 3954 terram
1259 3889 1457 3974 Baldewyni

350 3995 491 4072 Dakeni,
538 3995 633 4061 Idem
664 4005 755 4059 tenet
781 3994 845 4078 .vij.
871 4015 965 4058 acras
991 3996 1023 4058 in
1055 3993 1174 4058 eodem
1206 4015 1327 4077 campo
1358 3996 1456 4059 iuxta

347 4112 469 4165 terram
491 4100 650 4164 Willelmi
671 4100 715 4163 de
739 4099 879 4164 Hatfeld
901 4108 934 4163 et
957 4099 1053 4162 iuxta
1077 4098 1401 4183 Longeiorthebrige
1424 4109 1457 4163 et

348 4206 505 4270 abuttant
519 4204 609 4286 apud
626 4203 865 4268 molendinum.
1112 4205 1254 4270 Summa
1271 4225 1341 4267 .xx.
1357 4211 1458 4268 acre¹.

809 4441 817 4474 ¹
835 4458 912 4504 acras,
934 4443 990 4494 MS.
