3192 5067
351 354 399 440 98
506 352 568 449 Os
584 353 693 427 lands
719 354 760 427 in
786 353 848 429 the
863 353 977 453 fields
994 354 1043 451 os
1062 352 1283 450 Cambridge
1335 348 1455 449 [soon

349 548 384 603 et
400 542 603 623 procedente
619 540 799 626 [tempore]
815 542 977 626 presbiter
997 540 1168 605 ordinatus
1190 540 1379 623 assignatus
1394 536 1456 601 suit

350 644 393 707 ad
424 643 659 708 celebrandum
690 666 752 728 pro
781 645 901 710 eodem
933 646 1093 728 magistro
1123 644 1165 708 ad
1202 644 1305 707 altare
1341 640 1456 707 Sancti

352 742 541 825 Augustini.
589 744 668 828 Ipso
706 766 786 809 uero
822 746 989 821 defuncto,
1025 744 1108 808 alius
1146 744 1255 817 debet,
1287 742 1329 806 ad
1368 741 1455 805 idem

351 846 527 911 seruicium
563 849 761 925 faciendum,
790 852 833 915 ad
871 852 959 915 idern
998 849 1101 914 altare
1139 847 1309 931 assignari,
1340 856 1373 910 et
1410 845 1457 909 sic

352 953 583 1037 inperpetuum
620 957 813 1020 successiue.
874 955 931 1020 Ad
965 975 1065 1019 vnam
1100 953 1235 1018 missam
1267 952 1367 1017 debet
1397 971 1457 1034 pro

352 1060 464 1123 anima
487 1059 590 1142 ipsius
614 1060 753 1126 Roberti
777 1062 937 1126 memoria
961 1060 1037 1125 fieri.

351 1314 403 1378 44
449 1296 500 1361 De
521 1298 620 1362 terris
640 1320 722 1381 quas
744 1298 849 1363 Prior
868 1309 899 1363 et
922 1298 1078 1364 canonia·
1097 1298 1216 1363 habent
1237 1296 1272 1361 in
1292 1296 1458 1361 dominico.

189 1487 340 1581 {tequea-q?
419 1468 512 1533 Prior
540 1478 575 1533 et
601 1468 762 1535 Canonici
788 1468 832 1533 de
860 1466 1061 1533 Bernewelle
1087 1477 1202 1532 tenent
1230 1468 1262 1531 in
1290 1466 1459 1531 dominico

188 1588 339 1682 molal&
353 1582 419 1637 tres
441 1584 613 1637 carucatas
635 1582 729 1649 terre,
744 1574 832 1637 vnde
855 1573 1038 1637 secundum
1062 1574 1152 1655 quod
1177 1580 1288 1655 potest
1311 1570 1458 1635 estimari

189 1690 274 1741 buthe
300 1740 315 1781 d
353 1697 412 1761 per
441 1677 656 1760 agricultores
686 1687 720 1742 et
750 1678 904 1753 seniores,
936 1677 1061 1740 habent
1092 1678 1124 1739 in
1155 1697 1222 1741 vno
1251 1696 1371 1757 campo
1401 1676 1458 1758 qui

189 1740 311 1834 3¹33
352 1790 489 1845 vocatur
512 1781 779 1846 Brademereseld
802 1792 836 1846 et
860 1781 1026 1846 Meledich
1043 1792 1269 1863 ,x1q”.acras.
1318 1780 1403 1845 Item
1425 1780 1458 1842 in

353 1885 542 1950 Middilfeld
563 1886 682 1951 ‚xiiiixt
703 1905 805 1950 acras.
854 1886 940 1949 Item
964 1886 1116 1949 Fordefel
1137 1894 1171 1950 et
1196 1884 1378 1949 Estenhale
1398 1906 1459 1969 pro

251 2021 255 2029 ·
351 2011 418 2055 vno
434 1992 665 2074 campo.xii¹¹.
682 2012 783 2057 acras.
830 1991 883 2055 De
898 1992 1019 2075 quibus
1038 1991 1132 2055 terris
1152 1991 1288 2072 quIdam
1306 1990 1400 2054 miles
1416 1990 1458 2054 de

351 2093 479 2159 familia
507 2096 631 2178 Pagani
660 2095 795 2160 Peuerel
821 2096 931 2159 dictus
957 2095 1119 2160 Albertus
1148 2094 1269 2159 Chiuet
1296 2094 1389 2159 dedit
1412 2094 1458 2157 eis

351 2207 458 2265 totam
477 2210 600 2264 terram
621 2219 722 2283 quam
739 2198 928 2263 Willelmus
945 2198 986 2261 de
1003 2198 1141 2262 Writele
1156 2197 1337 2281 aliquando
1352 2198 1459 2261 tenuit

352 2304 395 2369 de
430 2304 581 2389 predicto
616 2304 753 2387 Pagano
787 2303 871 2367 infra
904 2304 1046 2385 burgum
1083 2313 1117 2367 et
1147 2313 1245 2367 extra
1281 2324 1386 2386 usque
1416 2302 1458 2367 ad

352 2410 575 2492 quantitatem
588 2408 643 2473 lx.
655 2430 805 2473 acrarum
821 2410 911 2473 etad
931 2409 1170 2473 Incrementum
1188 2408 1277 2473 illam
1295 2408 1456 2473 culturam

352 2534 419 2596 que
437 2514 522 2577 iacet
542 2522 621 2578 ante
641 2522 773 2595 portam
795 2513 1030 2577 canonicorum
1047 2514 1186 2578 liberam
1202 2523 1236 2579 et
1251 2514 1399 2597 quietam
1416 2513 1458 2576 ab

354 2617 444 2679 omni
461 2616 599 2680 seculari
615 2616 755 2680 seruicio
771 2616 803 2679 ln
820 2626 1015 2699 perpetuam
1033 2616 1260 2681 elemosinam.
1304 2616 1458 2698 Sigillum

354 2718 440 2783 illius
463 2728 553 2783 carte
577 2719 643 2783 lere
666 2729 902 2802 consumptum
927 2729 978 2783 est
1002 2740 1061 2803 pre
1083 2729 1259 2784 uetustate.

293 2855 341 2886 ven
422 2824 508 2887 Item
530 2845 574 2887 ex
595 2824 685 2888 dono
709 2824 865 2906 Hugonis
886 2824 1003 2907 prioris
1018 2826 1074 2907 qui
1091 2824 1179 2888 beati
1198 2824 1310 2906 Egidij
1327 2833 1459 2888 secutus

229 2956 262 3035 qr
284 2928 496 3009 munuestigIa
522 2928 716 3012 parentibus
738 2928 809 2992 eius
833 2930 865 2992 ln
890 2949 972 3012 pace
999 2928 1163 2992 defunctis
1187 2926 1377 3012 patrImonij
1401 2928 1460 3003 sui,

190 3068 216 3076 -
252 3073 273 3095 .·
354 3032 445 3116 quod
472 3033 553 3097 satis
581 3054 740 3116 magnum
765 3043 977 3107 remanserat,
1002 3032 1171 3099 Christum
1195 3033 1273 3097 iecit
1295 3032 1459 3097 heredem.

354 3135 477 3199 Totam
495 3156 639 3219 namque
655 3146 775 3200 terram
790 3136 924 3201 Osberti
939 3137 1146 3201 Domesman
1159 3135 1323 3220 patrissui
1336 3136 1460 3201 scilicet

353 3238 481 3323 sepcies
493 3239 609 3321 viginti
622 3260 716 3303 acras
728 3239 760 3302 in
774 3241 902 3323 campis
915 3239 1137 3323 Cantebrigie,
1149 3260 1276 3303 necnon
1288 3260 1460 3303 mansuras

355 3341 387 3405 in
418 3340 525 3425 burgo
554 3341 778 3426 quamplures,
806 3344 838 3406 in
870 3364 1082 3408 communem
1113 3343 1251 3407 fratrum
1283 3343 1459 3408 utilitatem

354 3445 504 3509 deduxit.
566 3446 619 3509 lta
651 3445 782 3529 scripsit
819 3446 985 3511 Guarinus
1018 3448 1206 3523 canonicus,
1232 3447 1290 3510 sed
1327 3446 1370 3510 de
1405 3446 1461 3510 illa

355 3550 540 3614 donacione
563 3559 689 3614 cartam
713 3572 780 3615 non
806 3550 914 3615 recolo
937 3572 992 3616 me
1014 3552 1145 3616 uidisse.

424 3655 509 3719 Item
532 3656 669 3719 domina
693 3656 857 3721 Nicholaa
880 3656 948 3720 filia
971 3666 1005 3721 et
1031 3656 1125 3721 heres
1146 3656 1273 3720 domIni
1301 3654 1460 3719 Willelmi

302 3794 312 3805 ·
356 3758 399 3822 de
427 3757 686 3841 Hamminglord
714 3759 808 3824 dedit
830 3761 878 3823 eis
900 3769 967 3825 tres
990 3780 1083 3824 acras
1106 3769 1191 3823 terre
1214 3759 1359 3823 iacentes
1382 3768 1461 3823 ante

319 3851 326 3864 ⁹
356 3872 487 3946 portam
514 3862 557 3926 de
584 3862 795 3937 Bernewelle‚
818 3884 922 3947 prope
949 3863 1088 3927 croitam
1118 3863 1242 3946 Rogeri
1268 3862 1405 3945 Lungis,
1428 3862 1460 3925 in

356 3967 493 4032 liberam
517 3987 634 4050 puram
658 3976 693 4031 et
715 3978 910 4051 perpetuam
934 3968 1161 4033 elemosinam.

423 4072 573 4137 Matildis
600 4071 780 4137 Comitissa
806 4072 899 4137 dedit
926 4074 973 4138 eis
1000 4074 1085 4137 duas
1110 4093 1204 4136 acras
1228 4081 1307 4136 ante
1330 4082 1460 4155 portam

222 4156 243 4236 ζ’
300 4224 306 4237 .
356 4175 494 4241 ecclesie
528 4196 596 4251 sue,
626 4175 727 4240 libere
762 4186 796 4240 et
832 4177 952 4260 quiete,
982 4177 1073 4241 omni
1110 4176 1288 4240 exactione
1326 4184 1461 4240 remota.

356 4282 457 4366 Quod
473 4291 586 4345 autem
602 4280 656 4345 ille
673 4281 739 4344 due
753 4301 829 4345 acre
844 4302 911 4345 non
928 4282 995 4345 sint
1011 4282 1043 4344 in
1066 4300 1187 4363 campo
1202 4279 1245 4344 de
1261 4280 1461 4345 Brademere

354 4388 564 4472 presumitur,
580 4386 739 4473 quoniam
761 4396 852 4449 carta
873 4386 1041 4451 comitiSse
1062 4385 1207 4469 loquitur
1227 4384 1270 4449 de
1291 4386 1459 4449 canonicis
