3192 5067
146 324 204 429 tv]
415 332 459 427 by
484 330 544 403 tho
569 330 693 405 Prior
715 330 797 405 and
821 329 986 405 Conucnt
1180 350 1251 423 207

238 555 284 603 12.
329 538 524 605 Procurocio
546 540 595 604 ad
611 539 864 605 contrahendum
886 560 958 604 cum
981 549 1161 605 mercatore.

199 692 349 747 Uniuersis
362 691 465 747 Christi
485 692 616 747 fidelibus
634 702 780 763 presentes
797 692 906 747 litteras
925 692 1091 763 inspecturis
1111 692 1155 747 uel
1174 692 1252 791 audi-
1265 696 1372 789 gam

145 778 215 834 turis
228 777 360 852 S[ymon]
375 780 453 835 Prior
466 782 501 835 de
514 782 685 837 Bernewelle
698 791 726 837 et
738 782 865 836 eiusdem
879 782 933 836 loci
948 793 1104 837 conuentus
1123 782 1253 849 Elyensts
1266 796 1382 849 appetitu

146 867 308 935 dyoceseos,
322 869 441 923 salutem
455 868 484 923 in
496 869 613 923 domino
626 869 835 940 sempiternam.
1266 846 1416 939 ffiffi'ss‘

200 955 319 1010 Nouerit
337 956 508 1012 uniuersitas
526 966 620 1011 vestra
638 957 715 1027 quod
734 975 786 1012 nos
805 967 902 1013 tenore
926 958 1104 1027 presencium
1125 956 1252 1021 facimus,
1266 947 1378 1049 22⁰¹&ss

146 1043 351 1112 constituimus,
361 1054 389 1100 et
397 1045 561 1100 ordinamus
570 1045 706 1100 dilectum
716 1046 798 1101 nobis
808 1047 837 1100 in
847 1045 959 1101 Christo
971 1046 1085 1101 fratrem
1096 1044 1253 1101 Galsridum
1266 1046 1419 1139 coptne‘ung

142 1119 182 1184 'de
200 1131 319 1187 London
337 1134 506 1189 canonicum
523 1144 650 1189 nostrum
667 1145 878 1203 procuratorem
894 1144 1022 1190 nostrum
1040 1134 1198 1203 legitimum
1216 1133 1253 1187 ad
1267 1108 1395 1190 :offitii

146 1228 274 1272 mutuum
293 1220 517 1275 contrahendum
535 1237 624 1290 usque
642 1220 679 1275 ad
698 1221 1108 1292 quantitatem.c.marcarum
1127 1221 1253 1291 sterling·
1266 1210 1332 1240 '⁰¹¹¹'

146 1317 235 1369 orum,
265 1302 417 1357 tresdecim
446 1302 545 1357 solidis
568 1313 597 1357 et
627 1313 748 1374 quatuor
777 1303 902 1372 denarijs
930 1320 980 1373 pro
1006 1320 1102 1358 marca
1128 1303 1253 1375 qualibet

146 1390 353 1459 computandis,
389 1406 453 1446 cum
484 1391 698 1462 quibuscunque
728 1392 932 1447 mercatoribus
966 1392 995 1445 in
1033 1408 1119 1461 regno
1152 1392 1254 1461 Anglie

146 1474 396 1543 commorantibus,
421 1485 449 1529 et
473 1476 510 1529 ad
540 1476 732 1547 recipiendum
762 1476 915 1547 pecuniam
945 1477 1059 1531 nomine
1090 1486 1187 1531 nostro
1217 1477 1254 1531 ab

146 1561 252 1616 eisdem
267 1580 274 1627 ;
293 1562 488 1634 promittentes
506 1581 559 1619 nos
578 1574 670 1619 ratum
688 1575 717 1621 et
735 1564 847 1619 firmum
866 1564 1011 1621 habituros
1030 1564 1165 1636 quicquid
1178 1564 1254 1619 idem

145 1646 231 1703 irater
240 1646 407 1721 G[allridus]
415 1649 576 1706 huiusmodi
584 1660 730 1707 contractu
738 1653 853 1707 nomine
861 1661 958 1707 nostro
967 1652 1075 1707 duxerit
1085 1651 1253 1707 laciendum.

147 1737 316 1808 obligamus
337 1738 429 1793 eciam
448 1756 501 1795 nos
522 1741 575 1795 sub
596 1741 736 1810 ypotecha
759 1757 852 1795 rerum
878 1750 1036 1794 nostrarum
1055 1738 1201 1794 mobilium
1227 1750 1255 1795 et

145 1824 333 1881 immobilium
352 1827 389 1881 ad
407 1825 582 1882 solucionem
599 1844 736 1899 penarum
755 1827 893 1883 interesse
911 1838 939 1883 et
958 1828 1146 1898 dampnorum
1159 1844 1214 1899 que
1227 1838 1255 1882 et

146 1930 217 1985 quas
236 1914 304 1969 dicti
317 1924 488 1969 mercatores
505 1914 655 1981 incurrent,
668 1926 696 1970 et
713 1916 751 1970 ad
763 1932 818 1986 que
830 1914 986 1985 prelibatus
998 1915 1083 1969 irater
1097 1913 1255 1970 Galindus¹

146 2020 199 2056 nos
212 2001 355 2071 obligabit,
369 2002 393 2057 si
407 2002 435 2056 in
449 2003 593 2058 solucione
605 2001 725 2073 pecunie
734 2012 846 2074 recepte
860 2019 909 2057 seu
922 2001 1081 2072 recipieude
1091 2002 1217 2057 terminis
1227 2013 1255 2058 et

147 2088 216 2144 locis
229 2088 434 2151 cessauerimus
447 2090 614 2157 statuendis,
627 2088 825 2144 renunciantes
835 2088 996 2159 exceptioni
1008 2090 1084 2160 quod
1093 2088 1254 2144 huiusmodi

147 2176 268 2248 pecunia
284 2192 341 2230 non
355 2177 390 2231 sit
403 2193 541 2231 conuersa
554 2177 583 2230 in
596 2177 746 2231 utilitatem
757 2176 876 2232 ecclesie
889 2190 994 2243 nostre,
1007 2186 1034 2230 et
1047 2175 1178 2231 omnibus
1191 2176 1254 2247 alijs

147 2263 363 2334 excepcionibus
375 2264 478 2335 quibus
490 2264 584 2336 ipsum
597 2262 763 2317 renunciare
774 2263 927 2333 continget.

203 2354 237 2407 ln
249 2352 329 2407 cuius
341 2352 381 2406 rei
394 2353 585 2406 testimonium
600 2351 722 2421 sigillum
734 2352 849 2423 capituli
863 2350 950 2407 nostri
963 2351 1142 2421 presentibus
1155 2351 1254 2407 litteris

148 2440 278 2495 duximus
290 2440 499 2511 apponendum.
538 2442 646 2494 Datum
659 2448 712 2494 etc.

192 2687 238 2751 13.
284 2669 479 2733 Procurocio
500 2669 560 2733 sub
580 2666 651 2731 alia
664 2669 781 2749 forino
802 2668 851 2731 ad
868 2667 1120 2732 contrahendum
1142 2686 1214 2729 cum

609 2784 791 2837 mercatore.

202 2928 351 2987 Uniuersis
371 2929 475 2985 Christi
494 2929 624 2983 fidelibus
643 2938 789 2998 presentes
808 2928 915 2983 litteras
933 2926 1035 2981 visuris
1053 2926 1097 2981 vel
1110 2924 1255 2993 audituris,
1270 2928 1399 3031 amer

149 3017 229 3072 Prior
251 3017 414 3087 monasterii
437 3018 473 3073 de
497 3018 667 3072 Bernewelle
692 3026 720 3071 et
745 3016 872 3071 eiusdem
897 3014 950 3071 loci
972 3026 1128 3070 conuentus
1150 3014 1256 3068 ordinis
1270 3028 1410 3071 montfort

148 3105 239 3160 sancti
253 3105 402 3174 Augustini
417 3105 549 3174 Elyensis
562 3106 710 3161 dioceseos
723 3106 844 3159 salutem
864 3104 892 3159 in
912 3103 1027 3159 domino
1046 3101 1254 3171 sempiternam.
1270 3079 1401 3171 ffissfoed

203 3192 348 3249 Noueritis
367 3210 420 3247 nos
438 3193 586 3248 ordinasse
603 3202 633 3248 et
651 3193 832 3248 constituisse
849 3192 983 3247 dilectum
1003 3190 1086 3247 nobis
1098 3192 1127 3245 in
1141 3190 1255 3246 Christo
1269 3186 1383 3222 “⁹⁰⁰⁰‘-

147 3282 262 3337 lratrem
288 3282 448 3337 Galiridum
473 3282 509 3337 de
535 3282 663 3350 london,
685 3292 813 3337 nostrum
834 3281 1002 3336 canonicum
1023 3292 1050 3334 et
1070 3278 1255 3351 subpriorem,

148 3380 360 3441 procuratorem
383 3380 514 3425 nostrum
537 3370 574 3423 ad
599 3372 779 3426 tractandum
804 3386 870 3425 curn
895 3368 1098 3425 mercatoribus
1125 3367 1254 3423 London·

147 3458 282 3525 iensibus,
300 3458 478 3526 Florentinis,
495 3459 554 3513 siue
573 3459 748 3514 senensibus
764 3470 791 3514 et
809 3460 847 3514 ad
864 3468 991 3513 mutuum
1008 3456 1201 3528 recipiendum
1219 3458 1256 3512 ab

148 3546 256 3603 eisdem
276 3564 364 3618 usque
383 3548 421 3602 ad
446 3564 586 3602 summam
608 3549 733 3618 aliquam
754 3549 911 3604 secundum
935 3548 1011 3619 quod
1036 3547 1136 3602 melius
1153 3548 1255 3602 uiderit

148 3636 279 3706 expedire
297 3636 327 3690 in
345 3637 493 3691 utilitatem
512 3636 630 3691 ecclesie
649 3648 745 3691 nostre
763 3635 992 3692 conuertendam.
1031 3638 1141 3691 Dantes
1162 3636 1255 3690 eidem

148 3724 262 3794 plenam
280 3734 309 3779 et
326 3724 445 3779 liberam
463 3734 634 3795 potestatem
652 3724 797 3793 obligandi
816 3742 869 3779 nos
887 3735 916 3780 et
935 3740 1112 3779 successores
1135 3735 1255 3793 nostros,

150 3810 310 3867 Ecclesiam
324 3824 461 3878 nostram,
474 3812 550 3867 bona
565 3822 663 3867 nostra
678 3813 776 3867 omnia
791 3812 909 3868 mobilia
925 3823 953 3868 et
970 3812 1124 3868 immobilia
1144 3812 1255 3867 ecclesi·
1269 3822 1286 3871 l.
1300 3836 1331 3887 79

148 3898 240 3956 astica
257 3909 286 3955 et
304 3900 448 3954 mundana
466 3900 574 3955 eisdem
593 3900 795 3956 mercatoribus
814 3901 860 3957 uel
879 3916 975 3955 eorum
995 3900 1078 3955 alicui
1097 3902 1140 3955 vel
1159 3918 1255 3956 eorum

149 3986 235 4057 socijs
253 3988 357 4057 quibus
375 4004 428 4041 uos
445 3989 572 4058 obligare
588 3988 734 4055 uoluerint,
748 3996 840 4043 ratum
857 3985 1004 4059 habitursi]
1016 3998 1044 4042 et
1056 3996 1167 4057 gratum
1180 3989 1256 4059 quic-

149 4074 218 4145 quid
230 4074 373 4145 predictus
385 4074 470 4129 irater
489 4072 658 4145 G[alfridus]
669 4074 784 4129 nomine
803 4084 900 4130 nostro
918 4085 947 4130 et
966 4076 1094 4130 Ecclesie
1113 4085 1208 4132 nostre
1227 4076 1256 4130 in

150 4162 265 4234 prelatis
277 4160 386 4217 duxerit
398 4161 568 4217 faciendum.

204 4252 238 4309 In
250 4251 330 4309 cuius
342 4248 382 4307 rei
395 4250 588 4307 testimonium
600 4260 653 4306 etc.
692 4252 801 4306 Datum
814 4262 864 4307 etc

580 4377 589 4413 ¹
606 4380 747 4443 Garfridus,
761 4381 819 4433 MS.
