3192 5067
366 297 437 382 296
715 295 754 367 Τ
747 303 878 368 anans
905 291 945 366 in
972 293 1106 368 Bourn
1350 289 1468 390 [soors

362 479 602 563 Apostolorum
621 483 708 548 Petri
723 492 758 548 et
771 482 874 558 Pauli,
890 481 1039 566 qualibet
1053 481 1241 564 septimana
1255 489 1323 545 tres
1337 499 1465 564 operas
1566 474 1568 483 '

362 593 396 647 et
424 586 531 651 arabit
562 597 599 651 ut
629 607 737 670 supra,
767 589 830 651 nisi
861 587 982 651 festum
1013 586 1209 670 impedierit
1257 585 1302 649 Et
1331 605 1353 648 a
1381 584 1468 648 festo

363 688 536 756 beatorum
561 693 648 758 Petri
672 703 706 758 et
729 693 823 756 Pauli
847 713 952 776 usque
973 692 1015 757 ad
1035 692 1156 756 festum
1173 691 1277 756 sancti
1296 690 1470 755 Michaelis

363 795 511 878 qualibet
534 797 721 881 septimana
750 799 898 882 quinque
923 817 1049 881 operas.
1097 797 1149 860 lta
1178 797 1304 860 scilicet
1332 796 1470 878 quando

362 897 462 964 debet
478 902 631 966 triturare
651 903 684 966 in
704 902 845 986 grangia
864 900 966 967 debet
986 902 1139 966 triturare
1159 899 1275 982 xxiiij.
1289 899 1413 982 garbas
1428 901 1471 962 de

363 1004 539 1082 frumento,
569 1015 602 1070 et
631 1006 674 1070 de
704 1005 808 1070 ordeo
828 1027 924 1070 axx.
954 1005 1083 1090 garbas
1128 1003 1175 1067 Et
1202 1005 1339 1086 quando
1368 1002 1471 1066 debet

363 1108 495 1183 fossare,
519 1108 619 1174 debet
643 1109 766 1174 lossare
796 1109 970 1173 dimidiam
993 1127 1104 1172 acram
1127 1107 1170 1171 de
1195 1106 1321 1171 fossato
1342 1117 1469 1190 aperto.

363 1213 409 1276 Et
432 1213 474 1276 de
498 1213 624 1278 fossato
645 1215 687 1278 de
711 1235 801 1278 nouo
824 1214 913 1279 lacto
935 1233 1036 1278 vnam
1059 1211 1176 1278 rodam
1199 1232 1260 1295 pro
1282 1231 1348 1275 vno
1368 1232 1470 1294 opere

362 1315 550 1400 separatim.
597 1317 642 1381 Et
671 1317 823 1400 operabit
852 1317 886 1382 in
909 1317 999 1381 curia
1022 1336 1082 1399 pro
1108 1335 1175 1379 vno
1198 1336 1298 1398 opere
1324 1336 1345 1379 a
1369 1335 1470 1378 mane

363 1441 467 1504 usque
482 1419 526 1485 ad
547 1419 661 1485 horam
683 1442 816 1487 nonam.
861 1422 908 1487 Et
927 1421 1081 1486 serclabit
1100 1440 1160 1504 per
1174 1429 1284 1484 totum
1298 1419 1388 1484 diem
1410 1440 1472 1502 pro

363 1545 428 1589 vno
444 1545 552 1609 opere.
598 1527 643 1591 Et
663 1527 813 1593 auerabit
834 1527 923 1611 apud
947 1525 1156 1601 Bernewelle,
1172 1527 1224 1590 vel
1240 1524 1330 1608 apud
1346 1523 1470 1589 Cante·
1568 1604 1569 1611 ἵ

363 1629 513 1713 brigiam,
528 1632 570 1694 ad
587 1631 793 1696 voluntatem
818 1630 945 1694 domini
970 1631 1089 1694 Prioris
1110 1651 1170 1712 pro
1185 1650 1252 1693 vno
1270 1649 1377 1712 opere.
1426 1627 1470 1690 Et

362 1733 498 1799 salcabit
514 1756 573 1818 pro
589 1757 689 1818 opere
707 1735 892 1802 allocand0.
937 1737 983 1800 Et
999 1737 1071 1819 ipsa
1085 1747 1119 1799 et
1134 1735 1214 1817 socij
1231 1736 1282 1798 sui
1298 1732 1471 1796 habebunt

362 1861 422 1902 sex
439 1839 598 1904 denarios.
646 1840 691 1904 Et
709 1843 857 1905 seruiens
871 1841 998 1905 domini
1016 1841 1136 1904 Prioris
1151 1840 1261 1904 tradet
1276 1838 1305 1901 ei
1321 1838 1473 1920 quinque

362 1963 427 2006 oua
449 1963 615 2022 aucarum,
638 1945 689 2008 vel
713 1945 903 2028 quindecim
931 1966 995 2008 oua
1025 1943 1223 2026 gallinarum
1253 1942 1296 2006 ad
1326 1942 1470 2024 quadra-

361 2047 532 2129 gesimam.
579 2049 624 2112 Et
637 2048 724 2112 idem
739 2047 952 2131 respondebit
963 2047 1119 2110 seruienti
1131 2049 1187 2110 dic
1197 2047 1302 2110 sancti
1319 2046 1408 2110 Petri
1424 2048 1470 2110 ad

364 2149 508 2214 Uincula
524 2151 567 2214 de
582 2161 725 2234 quatuor
740 2151 840 2215 aucis.
875 2151 922 2214 Et
936 2151 1034 2215 saciet
1049 2151 1135 2216 duas
1150 2151 1313 2235 precarias
1328 2150 1342 2234 [
1444 2150 1472 2233 ]¹

361 2254 403 2318 ad
431 2255 541 2319 cibum
567 2255 693 2320 domini
717 2257 750 2320 in
774 2266 968 2340 autumpno.
1015 2255 1061 2320 Et
1082 2277 1182 2321 unam
1213 2257 1395 2340 precariam
1426 2254 1473 2318 de

361 2358 491 2422 duobus
520 2359 711 2425 hominibus
740 2360 783 2424 ad
818 2361 930 2425 cibum
960 2361 1087 2425 domini
1118 2362 1151 2424 in
1182 2370 1376 2444 autumpno.
1423 2359 1473 2422 Et

359 2464 496 2529 cariabit
517 2486 634 2530 omnes
654 2487 772 2549 operas
792 2487 870 2530 suas
889 2487 973 2550 quas
988 2466 1141 2549 operabit
1155 2468 1188 2530 in
1204 2476 1391 2549 autumpno
1406 2485 1470 2547 pro

359 2587 460 2650 opera
483 2589 549 2652 que
570 2580 708 2635 vocatur
734 2571 918 2654 Daywyne
965 2571 1036 2634 Nec
1059 2579 1171 2654 potest
1201 2569 1356 2633 maritare
1382 2566 1470 2632 filias
1571 2596 1572 2609 ¹

358 2691 436 2735 suas
458 2673 530 2736 sine
554 2673 692 2737 licencia
714 2673 851 2740 domini.

422 2774 593 2856 Johannes
624 2776 667 2841 de
704 2779 817 2842 Bauns
847 2788 938 2842 tenet
967 2800 1068 2843 vnam
1098 2780 1261 2862 virgatam
1292 2789 1378 2842 terre
1407 2799 1470 2860 per

358 2881 475 2944 eadem
505 2882 653 2958 seruicia,
683 2892 716 2945 et
741 2903 800 2964 per
828 2884 963 2947 easdem
993 2882 1251 2947 consuetudines
1277 2903 1359 2966 quas
1386 2882 1469 2946 facit

358 2983 495 3067 Agneta
518 2985 690 3067 Wytbred.

266 3101 282 3151 t.
301 3099 345 3164 167
424 3087 592 3152 Galfridus
630 3088 770 3166 Attehil,
809 3088 933 3154 Cecilia
970 3091 1075 3167 West,
1110 3090 1281 3174 Johannes
1326 3089 1468 3167 Siward,

359 3190 545 3256 Willelmus
568 3192 611 3254 de
634 3191 807 3269 Stantone,
823 3192 992 3258 Galfridus
1013 3194 1117 3271 West,
1135 3193 1291 3257 Albricus
1314 3193 1467 3276 Syward

360 3295 419 3358 isti
435 3304 550 3359 tenent
571 3294 696 3361 scilicet
716 3297 855 3379 quilibet
871 3317 985 3362 eorum
1001 3297 1173 3362 dimidiam
1189 3299 1353 3382 virgatam
1369 3308 1468 3375 terre,

357 3409 390 3463 et
412 3401 598 3483 operabunt
621 3421 679 3483 per
701 3421 847 3466 annum:
869 3403 1034 3466 sciliceta
1055 3401 1140 3467 sesto
1160 3404 1266 3467 sancti
1289 3402 1469 3468 Michaelis

356 3525 460 3587 vsquc
474 3505 517 3570 ad
535 3505 656 3570 Natale
672 3506 810 3571 Domini
826 3506 965 3589 quilibet
980 3527 1095 3571 eorum
1112 3507 1209 3571 faciet
1225 3508 1258 3570 in
1275 3507 1467 3590 septimana

356 3609 440 3672 duas
455 3629 582 3693 operas,
596 3619 629 3674 et
651 3611 792 3675 arabunt
813 3612 899 3676 sicut
914 3611 1050 3695 Agneta
1065 3622 1099 3676 et
1113 3612 1292 3694 Johannes
1339 3611 1425 3675 Item
1444 3634 1467 3676 a

356 3713 614 3779 Circumcisione
652 3715 788 3780 Domini
826 3736 930 3800 vsque
974 3718 1017 3781 ad
1056 3717 1326 3781 Purificacionem
1364 3717 1468 3782 beate

357 3819 472 3897 Marie,
487 3821 626 3904 quilibet
647 3821 680 3884 in
701 3822 890 3904 septimana
911 3821 1010 3886 iaciat
1032 3833 1099 3887 tres
1119 3842 1238 3905 operas
1261 3822 1323 3886 nisi
1339 3822 1463 3886 festum

356 3925 550 4006 impedierit
597 3925 683 3989 Item
700 3947 720 3989 a
737 3924 975 3990 Purificacione
989 3946 1095 4010 usque
1110 3926 1153 3990 ad
1172 3926 1306 4003 Pascha,
1320 3927 1466 4010 quilibet

356 4029 388 4091 in
404 4028 593 4112 septimana
608 4028 705 4093 saciet
721 4030 806 4094 duas
821 4049 948 4111 operas,
959 4040 994 4094 et
1008 4032 1151 4096 arabunt
1167 4042 1204 4097 ut
1218 4053 1326 4116 supra.
1374 4031 1465 4096 Item

354 4154 375 4196 a
400 4134 528 4198 Pascha
558 4135 728 4218 usquead
761 4133 882 4200 festum
912 4136 1155 4219 Apostolorum
1184 4137 1272 4201 Petri
1302 4148 1336 4200 et
1368 4137 1464 4202 Pauli

353 4237 493 4320 quilibet
523 4239 555 4302 in
587 4239 776 4323 septimana
806 4239 904 4304 saciet
933 4240 1018 4304 duas
1042 4261 1170 4325 operas,
1197 4251 1231 4305 et
1257 4240 1402 4306 arabunt
1425 4253 1465 4307 ut

495 4367 502 4399 ¹
520 4368 595 4418 After
609 4367 762 4434 ‘precarias’
773 4369 870 4420 several
881 4369 964 4420 words
975 4369 1039 4420 have
1050 4370 1115 4420 bem
1125 4369 1256 4421 scratcturd
1266 4377 1320 4420 out.
