3192 5067
144 327 206 428 111]
373 330 514 427 stltop
549 329 719 404 William
743 329 789 403 dc
813 330 1007 428 Kilkenny
1180 349 1249 423 147

211 520 257 583 Et
268 540 344 585 curn
357 531 551 604 procurator
561 520 727 585 dictorum
738 531 956 585 executorum
973 531 1100 604 peteret
1116 520 1251 584 nomine

145 622 356 689 dominorum
387 645 522 690 suorum
553 646 574 689 a
603 625 740 709 prefatis
766 624 928 709 religiosis
958 635 1091 689 centurn
1123 643 1251 687 marcas

145 729 388 811 sterlingorum,
416 731 449 793 in
479 730 601 813 quibus
632 730 732 793 iidem
764 728 908 814 religiosi
939 728 1068 812 prefato
1094 729 1252 811 episcopo

146 832 226 896 dum
243 834 371 897 uiueret
385 854 430 897 ex
446 854 546 898 causa
565 833 671 897 mutui
693 833 894 897 tenebantur
913 844 947 897 et
968 832 1077 898 adhuc
1097 841 1253 897 tenentur

146 947 184 1000 ut
199 936 340 1014 dicebat,
356 938 466 1001 dictus
481 946 675 1021 procurator
689 938 855 1001 dictorum
873 936 1100 1020 religiosorum
1116 934 1252 1000 confite-

147 1041 244 1105 batur
265 1040 400 1105 nomine
419 1041 630 1105 dominorum
654 1061 790 1103 suorum
806 1041 942 1104 eosdem
959 1040 1131 1122 religiosos
1146 1038 1251 1104 teneri

132 1143 277 1237 ‘prefato
306 1145 464 1228 episcopo
494 1153 528 1209 et
557 1144 793 1207 executoribus
824 1143 973 1208 eiusdem
1007 1144 1040 1206 in
1075 1142 1254 1225 sexaginta
1267 1140 1418 1243 123}ng

148 1258 182 1311 et
208 1248 462 1331 quatuordecim
490 1247 609 1311 marcis
635 1246 869 1329 sterlingorum
894 1268 938 1310 ex
966 1266 1066 1309 causa
1096 1246 1254 1329 predicta,
1268 1242 1411 1345 “mms-

149 1373 298 1417 asserens
321 1374 407 1417 ,xx.
431 1352 532 1416 libras
554 1351 712 1434 predictis
735 1350 881 1414 dominis
904 1350 972 1414 suis
995 1350 1029 1414 in
1052 1358 1255 1414 testamento
1278 1344 1402 1436 ‘'22ng

150 1458 324 1521 memorati
355 1456 502 1539 episcopi
533 1476 606 1519 esse
633 1456 770 1538 legatas,
802 1464 919 1537 petens
950 1454 1084 1519 easdem
1112 1454 1255 1518 dominis
1269 1445 1404 1549 ffi‘ffp,

149 1563 217 1625 suis
233 1562 265 1625 in
283 1561 412 1645 prefato
427 1562 542 1625 debito
557 1560 699 1624 allocari.
747 1560 793 1623 Et
813 1579 889 1623 cum
910 1580 1121 1641 quereremus
1142 1581 1162 1623 a
1182 1580 1255 1642 pre-

150 1665 219 1730 sato
243 1676 454 1749 procuratore
479 1665 642 1728 dictorum
669 1674 888 1727 executorum
916 1664 942 1727 si
970 1672 1101 1727 tantum
1128 1662 1254 1727 eisdem

150 1768 301 1832 indicto
327 1777 531 1833 testamento
557 1776 645 1831 esset
672 1767 830 1848 legatum,
857 1766 946 1829 idem
973 1776 1166 1848 procurator
1193 1763 1256 1827 hoc

150 1893 266 1937 uerum
282 1893 354 1936 esse
370 1870 599 1935 confitebatur.
645 1868 797 1933 Partibus
814 1889 912 1951 super
928 1869 1095 1952 premissis
1116 1867 1257 1951 petenti-

150 1976 213 2040 bus
248 1977 338 2059 quod
377 1996 438 2039 nos
475 1973 680 2039 sentenciam
719 1973 924 2052 feneremus,
954 1994 1014 2037 nos
1052 1974 1256 2038 sentenciam

151 2079 288 2145 tulimus
310 2080 373 2143 sub
396 2081 458 2144 hac
481 2079 596 2143 forma

207 2219 240 2272 ln
252 2216 367 2272 nomine
382 2214 490 2270 domini
502 2216 603 2269 Amen.
639 2213 753 2269 Auditis
770 2222 798 2267 et
814 2212 962 2269 intellectis
979 2214 1086 2269 meritis
1101 2230 1186 2270 cause
1203 2232 1258 2287 que
1272 2241 1325 2283 τῃ.

151 2306 268 2361 uertitur
280 2304 353 2360 inter
365 2313 527 2359 executores
539 2302 701 2358 testamenti
713 2302 788 2357 bone
801 2302 935 2357 memorie
950 2301 1058 2356 domini
1071 2302 1204 2357 Willelmi
1221 2304 1258 2359 de
1270 2289 1425 2384 ξζξῑξῖξξηοῖ

153 2393 287 2449 Killrenni
304 2392 449 2464 quondam
467 2391 597 2461 Elyensis
613 2390 740 2461 episcopi
757 2408 791 2445 ex
808 2400 887 2461 parte
903 2407 967 2459 vna,
980 2400 1008 2445 et
1025 2391 1169 2462 religiosos
1181 2392 1257 2447 viros

153 2480 279 2535 Priorem
291 2489 320 2535 et
334 2480 514 2535 Conuentum
526 2480 562 2533 de
576 2478 747 2535 Bernewelle
759 2495 793 2533 ex
805 2480 901 2547 altera,
914 2480 1106 2536 confessiones
1119 2481 1258 2535 dictorum

152 2578 364 2640 procuratorum
385 2567 482 2635 secuti,
501 2567 630 2622 deductis
651 2566 687 2621 de
708 2567 856 2636 sexaginta
876 2577 904 2621 et
923 2567 1137 2639 quatuordecim
1156 2568 1259 2623 marcis

152 2657 287 2728 predictis
305 2656 405 2726 viginti
422 2654 501 2710 libris
519 2654 634 2725 pretatis
654 2654 791 2725 religiosis
810 2654 839 2709 in
862 2655 938 2710 dicto
959 2667 1128 2713 testamento
1150 2657 1258 2727 legatis,
1273 2659 1290 2708 t.
1304 2658 1359 2721 54b

153 2744 275 2801 eundern
296 2752 505 2815 procuratorem
526 2742 666 2805 dictorum
687 2743 889 2813 religiosorum,
911 2754 939 2799 et
964 2745 1041 2815 ipsos
1063 2744 1208 2814 religiosos
1231 2745 1259 2799 in
1273 2718 1407 2815 ffffiggiff
1480 2776 1482 2783 ·

153 2849 304 2905 personam
324 2833 367 2886 sui
385 2830 573 2901 procuratoris
591 2830 620 2885 in
639 2831 827 2902 quadraginta
845 2842 873 2887 et
891 2842 1011 2903 quatuor
1029 2832 1131 2887 marcis
1150 2843 1259 2887 senten·
1274 2825 1420 2923 vjffim

154 2920 262 2975 cialiter
279 2929 306 2974 et
324 2918 472 2973 diffinitiue
490 2918 772 2988 condempnemusa
790 2919 910 2974 residuis
927 2937 960 2974 ex
978 2931 1057 2990 parte
1073 2919 1260 2991 procuratoris
1274 2885 1358 2963 inurit·
1367 2920 1410 2961 se-

154 3008 294 3065 dictorum
312 3016 492 3062 executurum
510 3007 606 3077 petitis
624 3018 653 3061 et
670 3008 699 3062 in
717 3008 836 3062 articulo
853 3007 993 3063 contentis
1010 3007 1217 3063 sentencialiter
1233 3018 1261 3063 et
1276 2971 1425 3076 iffmu’

155 3096 311 3161 diffinitiue,
321 3095 357 3150 de
369 3111 509 3149 consensu
521 3095 709 3165 procuratoris
722 3095 861 3150 dictorum
874 3104 1062 3163 executorem,
1073 3096 1261 3163 absoluentes,

155 3184 318 3257 prefigendo
342 3182 516 3253 procuratori
546 3182 686 3238 dictorum
715 3183 909 3253 religiosorum
939 3182 1054 3238 nomine
1084 3182 1262 3237 dominorum

155 3289 270 3328 suorum
288 3281 317 3325 et
334 3270 403 3340 ipsis
422 3270 451 3324 in
469 3287 620 3340 personam
638 3269 706 3325 dicti
724 3271 913 3340 procuratoris
931 3269 1066 3325 terminos
1085 3269 1122 3323 ad
1140 3268 1262 3340 prefatas

155 3358 344 3432 quadraginta
360 3368 388 3413 et
404 3366 524 3428 quatuor
539 3374 651 3413 marcas
667 3357 853 3412 soluendum:
878 3358 985 3412 scilicet
1002 3358 1031 3411 in
1044 3358 1186 3429 quindena
1198 3368 1263 3427 post

154 3448 260 3504 festum
276 3445 482 3518 purificacionis
499 3446 583 3501 beate
595 3444 684 3500 marie
695 3446 825 3517 proximo
841 3455 960 3501 uentura
977 3445 1075 3501 decem
1089 3446 1175 3501 libras
1188 3446 1263 3517 apud

157 3536 309 3591 Balesham
323 3533 441 3603 Elyensi
453 3533 585 3603 dyocesi3
605 3544 634 3589 et
651 3533 679 3588 in
697 3534 841 3606 quindena
859 3534 968 3589 Pascbe
985 3534 1113 3603 proximo
1130 3542 1264 3605 sequente

157 3623 300 3679 residuum
325 3622 430 3677 ibidem
454 3623 508 3676 sub
531 3637 605 3691 pena
628 3620 943 3688 excommunicacionis,
967 3637 1053 3692 quam
1078 3638 1111 3675 ex
1135 3638 1210 3677 nunc
1235 3622 1264 3676 in

160 3710 285 3766 Priorem
313 3708 489 3781 subpriorem
518 3718 546 3763 et
569 3708 718 3764 sacristam
745 3708 912 3780 proferimus
943 3708 966 3763 si
998 3709 1026 3764 in
1054 3709 1198 3764 solucione
1228 3709 1265 3763 ad

158 3798 281 3870 aliquem
296 3796 446 3852 terminum
463 3795 653 3860 cessauerint;
677 3813 788 3851 necnon
806 3796 860 3851 sub
875 3813 950 3867 pena
967 3796 1091 3869 quinque
1107 3813 1266 3852 marcarum

158 3887 293 3959 quociens
314 3886 343 3940 in
368 3884 512 3940 solucione
533 3884 688 3940 defecerint
711 3884 741 3939 in
763 3884 921 3939 subsidium
941 3893 1015 3939 terre
1036 3894 1134 3940 sancte
1156 3884 1265 3939 soluen-

159 3977 266 4031 danus
317 3974 396 4043 Quos
420 3973 556 4028 terminos
579 3983 744 4043 procurator
772 3973 912 4029 dictorum
941 3972 1135 4043 religiosorum
1165 3982 1266 4043 sponte

159 4062 274 4120 admisit
292 4063 346 4117 sub
363 4062 444 4133 penis
463 4061 620 4117 antedictis
660 4062 771 4133 Quibus
792 4062 983 4117 solucionibus
1005 4061 1088 4117 sactis
1106 4061 1267 4117 restituetur

160 4151 243 4207 dictis
253 4150 390 4220 religiosis
400 4150 481 4204 litera
489 4149 657 4219 obligatoria
667 4165 751 4219 super
760 4158 874 4203 centum
884 4150 986 4205 marcis
996 4148 1130 4219 predictis
1139 4147 1267 4204 confecta

160 4239 236 4311 apud
255 4238 416 4292 Balesham.
455 4237 489 4290 ln
507 4236 587 4291 cuius
604 4236 645 4291 rei
664 4236 857 4292 testimonium
879 4234 1002 4305 sigillum
1021 4236 1121 4307 prefati
1142 4235 1267 4305 magistri

161 4325 322 4396 Reymundi
340 4324 446 4379 domini
464 4323 529 4392 mei,
541 4340 599 4377 vna
617 4341 682 4379 cum
701 4323 801 4395 sigillis
820 4324 959 4379 dictorum
977 4334 1189 4395 procuratorum
1207 4342 1269 4397 pre·

162 4413 289 4467 sentibus
307 4421 350 4466 est
368 4426 532 4481 appensum
571 4410 679 4464 Datum
696 4426 772 4465 anno
789 4421 818 4466 et
836 4411 899 4465 loco
918 4410 1094 4483 supradictis.

1091 4545 1186 4585 10—2
